1914 3237
734 172 849 212 Liber
886 170 1098 211 XXXIII.
1564 162 1645 206 213

711 329 796 374 122
833 339 886 359 =
922 323 1118 373 ibidem.
1675 337 1756 380 744

242 415 513 464 remedium
572 419 621 462 ut
658 412 839 478 pariete
877 411 1060 461 siccato
1099 424 1209 459 cera
1244 408 1429 456 Punica
1467 434 1523 439 -ω
1563 405 1647 451 asl-

244 503 387 552 motis
423 501 584 567 gallae
623 501 915 552 carbonibus
951 501 1179 548 inuratur.

291 590 512 640 Quomodo
545 604 567 632 e
598 591 710 645 galla
749 591 954 631 carbones
985 587 1074 627 fieri
1106 585 1287 638 possint,
1333 582 1385 623 ab
1418 579 1648 622 editoribus

181 684 263 711 non
293 669 625 721 demonstratur,
675 681 811 723 neque
843 677 1094 722 quemquem
1133 664 1185 704 de
1229 676 1279 702 ea
1320 674 1363 701 re
1414 658 1649 700 accuratius

181 748 392 804 cogitasse
443 747 691 802 putaverim.
758 745 806 786 In
852 744 1002 797 ‚ferreo
1046 743 1159 783 vase‘
1206 740 1410 781 carbones
1456 736 1650 791 componi

183 826 337 868 debere
385 825 601 866 Vitruvius
633 823 727 864 VII.
773 823 811 866 9.
850 822 874 865 3
924 825 1170 872 monuerat,
1225 831 1347 873 quem
1398 829 1525 871 quum
1573 814 1651 854 hoc

180 906 272 946 loco
303 904 464 945 Plinius
504 908 718 943 auctorem
750 906 972 956 sequatur⁷
1019 899 1186 940 nomine
1233 896 1372 950 aliquo
1417 907 1517 934 usus
1558 905 1651 933 esse

182 982 395 1038 putandus
427 986 491 1022 est
520 995 600 1036 quo
639 981 749 1021 illius
782 980 1013 1021 orationem
1046 991 1129 1018 non
1173 974 1426 1016 sententiam
1459 972 1652 1012 variaret.

183 1060 305 1108 Quod
343 1061 480 1113 ipsum
523 1060 566 1100 in
604 1059 775 1113 egregio
822 1057 966 1098 codice
999 1060 1211 1097 servatum
1244 1053 1329 1094 Sin.
1366 1053 1449 1092 lan.
1494 1056 1653 1090 temere

181 1138 474 1194 neglexerunt.
535 1136 746 1191 Scriptum
778 1136 888 1177 enim
920 1136 961 1176 in
992 1135 1027 1175 B
1059 1137 1200 1175 exstat
1229 1136 1306 1182 qal.
1340 1144 1385 1170 ece
1421 1133 1583 1179 (quleae
1612 1128 1652 1166 in

184 1216 245 1267 V)
278 1217 304 1257 i.
336 1230 371 1257 e.
402 1194 549 1269 qamt}
584 1228 684 1255 vase
715 1229 737 1255 a
770 1214 919 1269 galeae
951 1212 1222 1253 similitudine
1252 1209 1483 1265 appellato.
1528 1219 1653 1261 quam

184 1295 447 1336 deminutiva
487 1294 622 1335 forma
653 1293 787 1334 Varro
833 1291 946 1347 apud
994 1290 1177 1331 Nonium
1215 1288 1306 1329 XV.
1346 1288 1398 1331 35
1443 1285 1653 1340 galeolam

183 1373 368 1422 vocavit,
402 1372 440 1413 h.
462 1372 487 1415 l.
520 1372 609 1426 sine
637 1371 763 1413 dubio
793 1369 1094 1426 reponendam.

828 1472 1003 1513 Ibidem.
1686 1454 1764 1496 745

249 1552 338 1613 Qui
378 1552 573 1600 minium
611 1553 656 1599 in
696 1551 903 1600 officinis
941 1549 1128 1614 poliunt
1165 1547 1335 1595 faciem
1370 1544 1489 1592 laxis
1529 1543 1655 1591 vesi-

249 1641 319 1689 cis
351 1639 540 1704 illigant
578 1655 638 1688 ne
675 1640 719 1687 in
751 1638 1038 1703 respirando
1065 1633 1374 1701 pernicialem
1406 1632 1655 1696 pulverem

249 1729 438 1778 trahant
477 1734 524 1776 et
552 1734 713 1776 tamen
754 1733 803 1775 ut
842 1742 925 1791 per
963 1725 1066 1774 illas
1104 1728 1344 1789 spectent.

294 1821 379 1858 illas
410 1830 580 1871 prorsus
613 1816 792 1857 otiosum
832 1821 916 1866 est,
962 1827 1099 1869 neque
1131 1813 1242 1853 enim
1274 1811 1509 1851 vesicarum
1541 1821 1657 1848 amor

182 1894 342 1936 incolas
369 1894 517 1945 tenuit,
549 1893 623 1934 sed
654 1908 707 1934 ne
732 1893 1000 1934 laederentur
1031 1898 1103 1932 aut
1126 1891 1298 1945 pulvere
1328 1899 1399 1928 aut
1423 1886 1656 1942 tegumenti

184 1972 403 2014 crassioris
435 1972 677 2027 asperitate.
737 1971 847 2019 Quid
879 1976 1018 2011 autem
1038 1969 1189 2010 vesicis
1222 1968 1386 2008 levius?
1419 1975 1546 2020 atque
1578 1965 1657 2005 hoc

184 2051 322 2106 ipsum
354 2060 395 2092 ut
423 2064 497 2102 per
525 2055 660 2090 levia
690 2057 863 2100 spectent
894 2048 1128 2089 rectissime
1158 2048 1200 2087 in
1220 2048 1249 2086 Β
1269 2046 1472 2100 scriptum
1504 2052 1656 2084 exstat.

786 2146 950 2192 ¹1312-—
976 2145 1101 2198 9‚4(i.
1657 2195 1659 2197 ι
1688 2140 1768 2183 746

252 2232 506 2296 pingitque
535 2233 876 2296 (Aegyptus),
912 2246 1007 2279 non
1034 2228 1190 2278 caelat
1210 2233 1480 2292 argentum.
1522 2225 1660 2275 Unde

253 2321 421 2369 transit
457 2320 655 2368 materia
692 2324 739 2367 et
777 2318 838 2367 ad
883 2316 1199 2382 triumphales
1238 2320 1435 2364 statuas,

298 2412 511 2449 transmisit
532 2408 582 2459 R,
613 2407 741 2448 verbo
772 2407 910 2447 minus
931 2411 1044 2461 apto,
1078 2411 1266 2459 tempore
1286 2403 1519 2458 aptissimo.
1551 2400 1659 2441 Nam

188 2501 271 2527 non
301 2487 354 2528 de
385 2500 428 2527 re
461 2500 570 2542 quae
600 2490 687 2526 tum
718 2485 855 2540 ipsum
886 2483 976 2524 fieri
1008 2489 1227 2538 coeperat,
1259 2481 1334 2523 sed
1366 2481 1417 2522 de
1450 2493 1564 2521 more
1595 2494 1659 2520 re-

188 2571 311 2621 cepto
359 2579 497 2606 sermo
535 2570 611 2606 est.
687 2563 834 2619 ltaque
881 2563 995 2603 nulla
1041 2562 1129 2602 fere
1176 2561 1409 2602 mutatione
1453 2559 1662 2601 scribatur

190 2649 377 2698 oportet:
416 2647 525 2704 Unde
555 2653 664 2683 trans
684 2647 741 2683 iit
770 2645 936 2682 materia
966 2640 1038 2680 rel.

298 2722 428 2777 §.159
445 2730 541 2777 post
564 2737 600 2762 V.
633 2724 828 2761 montibus
859 2719 992 2760 levius
1025 2717 1223 2773 distingui
1256 2722 1449 2771 oportere
1470 2716 1661 2762 arbitror,

189 2810 235 2842 ut
265 2801 457 2855 proxima
486 2800 615 2841 verba
647 2799 700 2840 ad
733 2798 781 2840 sil
812 2811 943 2853 prope
974 2797 1120 2838 urbem
1147 2796 1346 2837 effossum
1378 2795 1625 2836 referantur.
