1914 3237
114 900 117 902 ’
148 906 226 948 11115

147 1408 225 1447 ὕῦὓ

259 148 338 191 ’184
522 118 529 125 ·
848 152 963 190 Liber
991 155 1131 193 XXX.

367 281 466 318 fmec
495 277 521 318 d
553 282 597 318 ut
628 278 787 320 seilicet
817 292 910 321 eum
941 280 1056 322 verbi
1087 294 1261 322 numero
1285 286 1508 337 congruat3
1538 286 1604 324 hic
1624 283 1718 325 VR

258 369 381 410 quam
411 355 634 396 lectionem
678 357 808 411 peiori
857 358 961 399 libro
992 359 1102 400 male
1141 359 1426 414 posthabitam
1473 373 1566 401 esse
1597 360 1717 403 Plinii

262 433 470 474 Valeriani
504 432 557 474 II.
590 433 637 475 31
674 434 968 476 observatione
999 435 1330 478 demonstratur:
1363 437 1522 493 ,Adeps
1552 451 1718 494 quoque

258 511 476 551 anserinus
509 535 557 540 —
589 512 827 566 imponitur.
886 513 1031 567 Adeps
1080 514 1203 568 cygni
1252 514 1305 556 ad
1348 514 1460 556 idem
1508 515 1630 569 faoit,
1678 520 1720 557 et

258 587 602 629 haemorrhoidas
654 592 802 631 sanat.‘
860 590 998 638 Quum
1032 591 1158 646 igitur
1201 605 1285 632 non
1315 598 1537 648 utrumque
1584 593 1719 649 adipis

259 679 392 720 genus
424 665 497 706 sed
531 667 654 720 cygni
688 671 848 709 tantum
890 674 1036 710 eontra
1066 668 1383 711 haemorroidas
1427 669 1567 711 valere
1608 670 1719 712 dica-

258 749 343 795 tur,
390 758 470 785 non
512 757 743 798 pronomen
790 745 864 786 sed
895 746 1069 787 verbum
1101 747 1394 802 corrigendum
1435 753 1518 788 est:
1558 750 1638 789 hic
1667 773 1720 781 —

258 826 463 863 (licitur.

840 894 901 939 77
938 907 989 925 Ξ
1027 893 1152 949 9,23.

321 976 430 1025 Sale
485 976 680 1040 quidam
718 993 826 1027 eum
879 978 1046 1042 vipera
1083 984 1294 1029 cremato
1348 980 1393 1028 in
1444 978 1541 1030 olla
1592 996 1722 1031 nova

322 1065 518 1129 saepius
548 1071 741 1130 sumpto
779 1066 911 1114 aiunt
946 1066 1137 1116 liberari
1173 1067 1408 1131 podagra.

365 1152 474 1193 Salis
507 1154 681 1194 cremati
721 1167 929 1208 quaenam
960 1154 1021 1195 vis
1053 1154 1106 1196 sit
1135 1155 1305 1210 ignoro:
1356 1155 1514 1197 scilieet
1543 1170 1627 1197 non
1659 1156 1720 1197 sal

256 1230 522 1271 cremabatur
569 1231 642 1271 sed
692 1232 835 1286 vipera
879 1232 998 1273 euius
1042 1233 1146 1273 einis
1191 1247 1283 1274 eum
1331 1234 1418 1274 sale
1464 1233 1720 1275 sumebatur.

255 1310 400 1363 ltaque
431 1308 635 1349 scribatur
665 1313 852 1364 oportet:
884 1318 1094 1351 cremata.

815 1391 878 1438 78
894 1408 946 1426 =
968 1389 1164 1438 ibidem.

318 1474 373 1523 Et
431 1475 491 1523 de
545 1476 693 1526 11111νο
744 1477 1003 1535 affirmant,
1042 1518 1050 1526 .
1091 1515 1101 1526 .
1141 1516 1150 1526 .
1187 1478 1227 1526 si
1275 1478 1427 1542 pedes
1481 1480 1720 1543 sanguine

320 1578 427 1611 euni
467 1564 615 1613 urtica
673 1564 749 1612 vel
788 1565 945 1629 pinnis
985 1564 1316 1630 palumborum
1371 1581 1480 1615 eum
1515 1567 1718 1631 primum

320 1658 582 1700 nascentur
617 1652 739 1701 tritis
776 1667 883 1701 eum
923 1653 1087 1702 urtiea.

362 1739 579 1780 Lacunam
622 1740 762 1781 inesse
794 1739 880 1781 Sill.
919 1741 1236 1794 animadvertit,
1285 1755 1410 1796 quam
1440 1741 1569 1783 Ianus
1614 1742 1718 1784 loeis

253 1816 439 1857 Marcelli
471 1817 627 1872 Empir.
660 1818 712 1861 3ss
744 1824 786 1859 et
813 1819 939 1859 Plinii
970 1819 1181 1861 Valeriani
1211 1819 1287 1860 III.
1328 1821 1380 1862 14
1412 1819 1463 1860 ab
1494 1819 1626 1860 Hard.
1660 1820 1717 1861 al-

254 1895 348 1935 latis
381 1909 481 1935 usus
513 1895 566 1936 ad
596 1897 848 1937 sententiam
879 1902 992 1938 reete
1013 1897 1072 1938 ita
1087 1898 1289 1952 explevit:
1322 1898 1426 1949 ,eius
1448 1911 1717 1953 perunguan-

256 1978 319 2012 tur
351 1973 414 2012 rel
433 1973 720 2014 columbarum
739 1975 945 2029 sanguine
977 1988 1008 2015 e.
1041 1988 1080 2015 u.
1113 1989 1150 2015 v.
1182 1975 1320 2030 pinnis
1351 1977 1509 2016 earum‘
1528 1976 1719 2018 eodie'um

256 2051 434 2104 vestigia
465 2051 601 2091 minus
639 2058 835 2093 aeeurate
868 2056 1049 2092 secutus.
1110 2052 1282 2093 Habent
1326 2053 1436 2094 enim
1487 2057 1719 2104 sanquinem

256 2138 293 2168 et
327 2144 469 2169 earnm.
503 2132 623 2177 Quae
655 2129 687 2170 si
716 2129 977 2184 reputaveris
1002 2143 1130 2170 unum
1162 2143 1327 2170 versum
1362 2129 1530 2171 XXVII
1560 2131 1719 2172 littera-

257 2221 342 2246 rum
391 2207 599 2248 excidisse
652 2208 856 2262 primique
911 2207 1102 2248 vocabuli
1154 2208 1316 2248 initium
1360 2208 1401 2248 in
1454 2208 1587 2249 altera
1636 2222 1719 2250 non

195 2297 203 2306 ·
256 2299 500 2338 superesse,
545 2285 650 2326 haee
694 2284 781 2325 fere
827 2285 955 2325 verba
1005 2284 1157 2326 addes:
1215 2289 1318 2326 milvi
1356 2290 1416 2326 vel
1452 2289 1719 2327 columbarzma

145 2616 216 2653 «1111

258 2372 497 2412 aasumensi:
561 2365 603 2403 111
636 2363 826 2417 proximo
857 2376 983 2403 sensu
1015 2364 1102 2403 Ian.
1134 2368 1248 2404 reete
1279 2363 1446 2418 scripsit
1479 2377 1612 2403 eurum
1643 2377 1718 2418 pro

254 2455 385 2478 «suffen
418 2440 527 2494 quod
560 2455 693 2495 genus
726 2455 747 2481 e
781 2441 982 2495 proximis
1010 2441 1222 2482 vocabulis
1254 2445 1510 2482 (traculorum
1541 2445 1718 2482 dolorum

259 2519 335 2560 (ixa
371 2532 444 2570 pro
478 2522 681 2558 muru-ihus
715 2519 748 2557 V
767 2518 822 2566 11)
856 2518 1052 2559 facillime
1083 2524 1219 2559 ortum
1253 2523 1328 2559 est.

806 2602 869 2645 80
907 2620 948 2638 z
985 2596 1179 2646 ibidem.

325 2681 493 2731 Ulcera
532 2684 688 2732 munia
740 2685 915 2748 pedum
953 2691 1090 2733 sanat
1127 2685 1246 2734 cinis
1284 2699 1447 2734 earum
1499 2682 1719 2743 (coclea-

323 2781 449 2820 1111111
495 2786 618 2833 quae
657 2773 796 2821 vivae
835 2774 1119 2823 combustae
1156 2777 1267 2822 suut
1306 2775 1401 2821 (sins
1439 2772 1565 2827 vulgo
1607 2776 1718 2813 recte
