1914 3237
275 155 357 199 23ss
837 158 951 197 Liber
982 159 1183 198 XXXVI.

274 286 418 328 fuisse.
478 285 638 327 Vocem
669 291 809 328 autem
849 288 1088 343 ,integrum‘
1125 301 1235 343 quac
1265 288 1392 329 etiam
1433 301 1458 328 a
1487 287 1635 328 Bamb.
1667 287 1739 329 ab·

275 368 340 405 est
370 377 465 405 cum
495 363 692 405 I'intiano
724 366 983 418 omitterem,
1022 366 1103 406 nisi
1134 365 1321 407 Isidorus
1361 366 1403 406 in
1435 379 1511 407 suo
1545 365 1739 421 exemplo

274 442 459 496 legisset.

164 517 245 560 800
483 522 815 578 143=19‚35.
862 521 951 580 (de
981 521 1222 585 spongitis
1259 520 1547 585 lapidibus).

341 608 545 670 Quidam
583 623 670 657 eos
719 608 982 657 tecolithos
1021 613 1224 668 vocant,
1283 609 1509 672 quoniam
1564 610 1741 659 vesicis

319 696 620 756 medentum
658 694 877 746 calculos
914 701 1140 761 rumpunt
1175 697 1221 745 in
1261 697 1373 746 vino
1402 697 1519 762 poti.

382 784 477 825 Non
508 788 735 839 propterea
768 785 1028 840 τηκολίθους
1060 785 1263 840 appellari
1299 789 1630 826 consentancum
1663 789 1741 838 est,

274 863 372 918 quia
401 864 568 903 vesicae
598 861 834 914 medentur,
879 861 954 903 sed
985 862 1086 918 quia
1109 863 1293 904 calculos
1324 867 1535 918 rumpunt.
1596 863 1743 918 Itaque

274 939 542 981 scribendum
576 944 659 981 est:
714 944 853 981 vesicis
881 944 1106 989 medentum·
1145 944 1306 991 quidam
1348 955 1415 982 eos
1445 944 1649 983 tecolithos
1678 954 1743 982 vo-

274 1026 389 1069 canl,
420 1021 605 1068 quoniam
636 1021 814 1059 calculos
842 1026 1030 1070 rumpunt
1059 1023 1082 1060 ε’.
1116 1033 1149 1059 v.
1175 1033 1215 1070 p.

163 1102 242 1145 801
634 1098 965 1156 145=20,37.
1021 1097 1111 1157 (de
1148 1096 1393 1156 schistis).

340 1213 400 1217 —
438 1184 483 1232 in
519 1184 577 1234 iis
614 1185 918 1235 commodior
956 1200 1102 1235 croco
1140 1184 1322 1244 similis,
1360 1182 1620 1249 peculiaris
1659 1199 1744 1232 ex-

342 1271 534 1336 plendis
573 1273 827 1323 oculorum
874 1273 1062 1322 lacunis
1097 1274 1144 1322 in
1183 1273 1309 1323 lacte
1359 1273 1593 1331 muliebri,
1631 1287 1744 1337 pro-

341 1361 663 1426 cidentesque
701 1362 873 1411 oculos
911 1362 1160 1426 praeclare
1200 1361 1411 1411 cohibet.

381 1448 501 1496 Quae
533 1450 616 1491 sint
654 1450 868 1491 oculorum
900 1450 1091 1503 lacunae,
1135 1449 1279 1490 nescio
1320 1463 1457 1504 noque
1498 1447 1610 1504 apud
1642 1449 1742 1489 Dio-

273 1526 479 1568 scoridcm
511 1528 559 1570 V.
597 1530 670 1570 144
714 1528 891 1583 reperio.
952 1528 1032 1576 Qui
1078 1530 1239 1585 πληροῖ
1279 1528 1327 1569 δὲ
1372 1531 1445 1568 καὶ
1490 1527 1743 1580 κοιλώματα

274 1604 372 1645 dum
404 1605 531 1646 refert
561 1607 803 1658 ,inanitates
828 1607 1029 1648 ulceruin‘
1060 1620 1165 1662 quas
1196 1606 1358 1647 Plinius
1389 1610 1513 1647 vocat
1540 1603 1743 1646 XXXIV.

277 1683 352 1726 169
383 1684 646 1739 significavit.
705 1684 944 1726 Emendato
971 1685 1098 1740 igitur
1128 1684 1332 1726 vocabulo
1374 1684 1554 1740 proximi
1586 1683 1739 1725 vicinia

276 1767 471 1818 corrupto
504 1763 770 1805 scribendum
804 1768 912 1804 erat:
944 1768 1163 1805 ulcerum
1194 1767 1361 1804 lacunis.

165 1889 247 1932 302
838 1869 928 1915 159
949 1884 1000 1902 =
1019 1867 1176 1923 2243.

340 1953 478 2001 —in
518 1952 722 2018 Siphnio
760 1953 1030 2019 singulare,
1086 1953 1220 2017 quod
1280 1951 1580 2001 excalfactus
1633 1950 1744 2001 oleo

342 2042 576 2105 nigrescit
614 2042 926 2106 durescitque
960 2041 1289 2091 mollissimus,

388 2130 616 2185 Aliquanto
648 2130 884 2184 elegantius
901 2130 1066 2170 locutus
1099 2134 1163 2170 est
1185 2129 1364 2169 Plinius:
1397 2130 1647 2177 durescitque
1675 2140 1745 2166 ηα-

278 2218 368 2249 mra
399 2212 655 2249 mollissimus.
715 2208 784 2249 Sic
815 2208 926 2248 enim
957 2207 1106 2248 Bamb.

169 2298 250 2340 803
515 2291 604 2337 160
629 2290 847 2344 :2245
892 2287 981 2345 (sle
1019 2284 1261 2351 speculari
1299 2283 1508 2349 lapide).

346 2374 578 2439 Hispania
632 2375 763 2424 hunc
800 2381 981 2424 tantuin
1035 2375 1228 2424 citerior
1280 2373 1393 2423 olim
1432 2371 1602 2431 (labat,
1656 2376 1748 2418 nec

347 2468 446 2512 tota
483 2464 572 2512 sed
609 2464 732 2512 intra
769 2469 961 2513 centum
999 2462 1128 2512 inilia
1163 2477 1394 2528 passuum
1432 2460 1560 2509 circa
1588 2457 1748 2522 Sego-

351 2552 530 2602 bricam
567 2552 750 2602 urbem.
777 2563 781 2568 ·

394 2644 654 2691 Seqobriqmn
687 2653 709 2680 e
732 2641 764 2680 B
796 2639 978 2680 restituit
1007 2640 1147 2692 Ianus,
1180 2639 1408 2680 immanem
1440 2647 1658 2676 numerum
1687 2633 1747 2673 in-

283 2720 379 2759 vitis
409 2718 525 2759 libris
556 2719 675 2759 MSS.
708 2732 790 2758 non
823 2717 971 2772 tetigit.
1030 2718 1200 2759 Scilicet
1230 2731 1260 2759 c.
1289 2729 1453 2767 passum
1485 2714 1550 2766 13¹,
1591 2727 1626 2754 c.
1651 2727 1747 2765 pas-

282 2812 348 2838 sus
377 2797 434 2838 Β2
464 2796 490 2838 (1
521 2795 753 2838 rectissime
782 2795 983 2851 scriptum
1015 2795 1227 2837 exhibent.
