1914 3237
229 146 311 190 248
783 148 902 187 Liber
930 146 1158 186 XXXVII.

232 283 297 318 tur
327 275 578 317 vocabulum
617 276 833 330 ,corporis‘
874 275 1084 317 sententia
1122 275 1335 330 flagitatur
1373 276 1556 316 omnino.
1617 273 1696 316 Ca-

232 355 477 410 pillamenta
507 353 642 405 enim,
683 353 766 406 sal,
805 353 1033 410 plumbago
1065 366 1149 395 non
1180 352 1332 394 coloris
1363 352 1466 393 vitia
1495 358 1593 394 sunt
1623 352 1697 394 sed

232 433 430 488 corporis.
473 431 621 487 Itaque
654 432 832 473 servatis
861 432 1058 488 religiose
1099 444 1208 487 quae
1239 432 1282 473 in
1311 430 1347 471 B
1379 429 1533 472 adsunt
1560 430 1699 473 verbis

233 512 339 553 haec
363 525 388 552 a
418 510 555 551 Plinio
586 510 742 566 scripta
772 523 866 552 esse
897 510 1070 553 conicio.

289 615 336 620 —
369 593 535 631 candor.
563 591 673 630 Haec
703 593 862 641 coloris,
895 592 1078 639 corporis
1106 596 1196 630 sunt
1224 592 1313 629 item
1343 591 1436 628 vitia
1466 586 1540 628 rel.

341 669 377 723 §.
409 668 464 712 70
493 672 530 708 in
560 671 641 708 sole
672 668 798 709 etiam
830 668 862 708 B
893 666 1035 719 habet,
1065 665 1180 707 haud
1218 665 1344 707 dubie
1375 665 1698 707 restituendum.

232 748 270 802 ς.
300 748 348 791 71
382 746 690 788 Mommsenius
738 745 792 786 ad
823 745 1011 787 Solinum
1043 759 1081 800 p.
1106 744 1160 788 98
1207 742 1363 786 codicis
1407 743 1443 784 B
1492 744 1698 799 scriptura

233 826 471 881 improbata
501 838 524 865 e
555 824 676 866 codd.
707 823 886 865 Barbari
926 823 979 864 ad
1010 823 1227 877 vulgatam
1258 806 1492 864 lectionem
1523 821 1701 864 redeun-

235 906 333 946 dum
363 918 458 946 esse
490 903 662 945 monuit.
720 903 756 957 §-
787 902 840 946 73
870 901 906 943 Β
936 915 1021 943 non
1051 887 1190 943 nocent
1225 900 1299 942 sed
1328 905 1375 943 ut
1406 901 1531 957 vulgo
1562 909 1706 942 vocant

235 982 425 1036 exhibet3
477 982 514 1038 ἓ.
543 982 595 1025 75
625 981 737 1022 idem
782 984 896 1022 recte
939 984 1013 1021 nise·
1058 983 1105 1021 si.
1163 979 1200 1035 ὃ.
1233 979 1286 1023 79
1328 978 1419 1020 Iani
1461 979 1705 1021 coniectura

235 1068 413 1103 casn-ala
443 1060 544 1102 mihi
575 1060 792 1115 probatur,
823 1072 927 1100 voce
958 1062 1100 1100 tamen
1117 1072 1240 1100 causa
1265 1071 1288 1099 e
1318 1058 1492 1113 vulgata
1521 1057 1703 1099 lectione

234 1145 419 1195 recepta.
478 1139 516 1194 ἕ.
547 1138 600 1181 83
631 1151 653 1178 e
686 1137 721 1178 B
751 1136 1040 1191 recipiendum
1069 1141 1134 1178 est
1161 1144 1261 1178 sunt.

125 1241 207 1286 843
581 1229 867 1286 88:623.
912 1226 999 1287 (de
1035 1224 1394 1290 sardonyche).

302 1318 641 1367 persuasimus
679 1315 857 1366 deinde
914 1321 960 1364 et
1003 1315 1134 1364 Indis
1173 1320 1221 1364 ut
1258 1314 1350 1379 ipsi
1399 1328 1595 1378 quoque
1631 1313 1708 1363 his

303 1406 597 1471 gauderent,
653 1405 897 1469 utiturque
937 1403 1192 1468 perforatis
1240 1403 1406 1467 utique
1446 1401 1624 1467 vulgus
1659 1401 1706 1450 in

304 1494 457 1555 collo;
504 1499 550 1543 et
588 1493 681 1542 hoc
718 1508 847 1542 nunc
886 1497 959 1541 est
995 1491 1265 1540 Indicarum
1305 1494 1658 1555 argumentum.

351 1586 492 1623 deinde
522 1586 625 1623 indis
674 1590 714 1621 m
744 1585 821 1632 ipsi
856 1594 974 1633 quoq.
1005 1583 1224 1631 (sauderent
1268 1583 1392 1620 ulitur
1420 1563 1646 1629 'perforatis
1677 1577 1713 1618 B
1785 1570 1792 1578 ’

242 1662 491 1713 rectissime⁷
537 1659 618 1700 nisi
650 1658 763 1715 quod
790 1659 832 1699 in
862 1659 945 1700 fine
977 1671 1124 1699 versus
1154 1662 1251 1713 post
1281 1670 1435 1709 quoqne
1465 1655 1622 1698 excidit
1652 1660 1712 1708 iis,

240 1745 286 1781 ut
316 1753 341 1780 a
369 1754 407 1780 v.
440 1744 561 1780 utitur
578 1751 689 1780 nova
701 1735 1178 1779 sententiaexordiatur.
1211 1735 1319 1791 §.92
1337 1747 1359 1775 e
1390 1734 1425 1775 B
1455 1734 1637 1790 quemin
1666 1747 1712 1775 re

243 1818 371 1859 dubia
402 1818 521 1873 sequi
546 1831 621 1872 par
647 1822 732 1869 est,
771 1828 941 1865 mameae
971 1814 1217 1869 delendum,
1249 1821 1285 1854 et
1315 1812 1583 1855 scribendum
1617 1825 1712 1854 esse

243 1909 409 1938 censeo.

134 1958 216 1999 844
550 1954 636 2000 104
659 1970 701 1987 z
724 1954 849 2008 230.
889 1948 978 2008 (de
1018 1947 1369 1997 Carchedoniis
1389 1958 1417 1999 l.

311 2039 655 2103 Carthaginem
693 2037 941 2102 quondam
978 2036 1374 2101 deportabantur.

358 2130 596 2177 Fet-{haym
629 2126 663 2167 B
694 2131 829 2179 recte,
880 2139 935 2167 sc.
969 2138 993 2165 a
1023 2123 1338 2165 Nasamonibus
1380 2122 1422 2163 in
1467 2120 1613 2162 urbem
1644 2119 1714 2160 de-

248 2212 396 2248 vectae
428 2204 526 2246 inde
557 2210 673 2245 trans
711 2205 846 2245 maria
876 2203 1165 2244 mittebantur.
1224 2201 1355 2242 Paulo
1387 2213 1514 2255 supra
1543 2201 1665 2239 imbre
1694 2211 1718 2239 a

248 2285 283 2326 B
316 2283 484 2338 quidem
518 2282 658 2335 abest,
700 2282 773 2323 sed
805 2281 956 2322 Isidori
987 2280 1240 2322 auctoritate
1269 2278 1386 2320 XVI.
1427 2278 1470 2320 13
1497 2276 1716 2318 confirma-

249 2369 328 2414 tur,
359 2361 470 2416 quod
503 2366 649 2402 contra
680 2361 826 2401 Ianum
859 2372 1024 2400 moneo.
1064 2358 1178 2399 Infra
1208 2364 1393 2399 cerm-ent
1425 2356 1578 2410 legitur
1608 2354 1650 2394 in
1681 2353 1716 2394 B

249 2441 273 2481 i.
306 2453 342 2480 e.
372 2453 488 2480 cerae
517 2444 737 2479 relinere(
768 2438 880 2494 quod
900 2439 1023 2493 plene
1056 2437 1256 2492 seriptum
1273 2440 1363 2476 erat
1394 2436 1433 2476 in
1452 2432 1493 2473 Y
1524 2431 1717 2473 ‹Fuxen-

251 2518 326 2573 si),
358 2518 648 2558 confirmatum
682 2531 705 2557 a
738 2516 883 2558 Solino
905 2517 958 2560 (50
978 2522 1019 2557 et
1042 2514 1217 2557 Isidoro.
1896 2495 1914 2526 Α

141 2610 221 2651 845
642 2598 953 2654 1‹‘›5=7,31.
1007 2593 1095 2653 ‹hde
1134 2593 1324 2651 sarda).
1907 2580 1911 2586 ⁴

322 2714 369 2719 -
413 2684 473 2732 ad
512 2683 633 2733 haec
689 2685 831 2732 sarda
880 2681 1133 2731 utilissima
1197 2711 1216 2714 --
1263 2681 1368 2745 ipsa
1418 2677 1632 2743 vulgaris
1670 2684 1716 2727 et.
1900 2675 1914 2681 ”

324 2773 521 2837 primum
563 2772 799 2821 Sardibus
839 2777 1050 2835 reperta,
1098 2770 1185 2818 sed
1225 2767 1554 2817 laudatissima
1593 2766 1719 2816 circa
1895 2707 1914 2906 ἶ
