1914 3237
732 165 849 204 Liber
878 166 1061 206 XXVII.
1550 161 1629 208 151

164 293 263 342 ἔστι
292 294 341 337 δὲ
358 292 617 350 μονόρριζος
646 297 740 345 etc„
771 297 897 348 atque
926 293 1007 335 hoc
1036 294 1176 349 ipsum
1194 295 1331 345 oravis
1358 293 1402 334 in
1417 291 1633 334 codicibus

167 373 337 428 legitur.
368 371 536 414 Scribe:
567 376 665 417 Aloe
694 386 727 412 s.
756 385 789 412 s.
813 374 848 411 h.
881 385 929 411 m.
961 384 993 412 e.
1019 386 1061 422 p.
1089 375 1122 421 s.
1154 386 1186 412 e.
1218 385 1254 412 o.
1283 376 1427 413 striata
1455 393 1510 401 -—
1540 384 1635 416 cau-

163 455 214 492 lis
245 455 327 492 eius
357 458 382 490 t.
413 463 446 491 e.
479 483 486 490 .
519 481 528 490 .
561 482 570 491 .
601 464 634 490 r.
665 463 701 489 u.
735 461 808 489 ceu
832 454 928 500 palo
969 452 1010 490 in
1039 456 1183 490 terram
1214 453 1383 490 demissa
1414 477 1467 484 —
1498 453 1635 500 yravis

170 532 313 577 odore,
343 541 380 579 ρ.
414 541 452 568 a.

806 603 982 645 Ibidem.
1660 602 1742 647 567

228 683 428 733 mirifice
467 682 593 732 enim
631 681 936 748 conglutinat
973 681 1051 731 vel
1087 697 1239 743 suco;
1278 683 1340 732 ob
1376 682 1422 732 id
1461 682 1509 732 in
1534 687 1634 732 tur-

229 772 424 822 binibus
462 771 694 821 cadorum
732 785 836 821 eam
875 775 1056 821 serunt.

274 842 588 901 In'turbinibus
620 873 725 916 quos
755 872 832 900 nos
865 858 1038 914 Spunde
1077 857 1255 900 dicimus
1285 857 1418 900 herba
1447 858 1529 900 seri
1558 871 1632 899 ne-

165 939 276 995 quit,
323 952 447 981 sucus
477 938 676 980 inseritur
704 937 730 979 i.
762 951 797 978 e.
830 938 1059 993 imponitur
1104 937 1274 993 optime.
1334 938 1480 992 Itaque
1509 950 1631 992 prae-

163 1017 417 1072 positionem
447 1021 486 1058 in
515 1015 643 1058 verbo
675 1029 750 1057 suo
782 1015 842 1057 sic
871 1015 1025 1057 reddo:
1071 1019 1119 1056 ob
1151 1018 1194 1056 id
1230 1018 1453 1056 lurbinibus
1483 1029 1514 1056 c.
1546 1028 1632 1056 eum

161 1099 370 1137 inserunt.

702 1174 758 1221 16
793 1187 847 1207 =
883 1170 1078 1221 ibidem.

229 1252 330 1318 Erit
367 1274 486 1324 ergo
525 1259 708 1324 optima
757 1259 952 1324 pinguis
986 1275 1045 1309 ac
1079 1258 1252 1317 nitida,
1311 1260 1400 1322 rufi
1437 1259 1630 1318 coloriS‚

228 1346 429 1401 friabilis
471 1352 517 1396 et
551 1347 780 1401 iocineris
832 1348 980 1398 modo
1036 1352 1229 1405 coacta,
1285 1346 1427 1397 facile
1474 1347 1632 1413 lique-

228 1452 391 1487 scens,

271 1523 382 1573 Quid
427 1523 600 1566 tandem
631 1523 710 1564 sibi
740 1524 830 1564 vult
876 1524 1006 1576 ,iecur
1053 1525 1293 1566 coactum‘?
1351 1523 1630 1575 ὑπόξανθον,

1662 1219 1743 1263 568

160 1603 437 1659 εὔθρυπτον,
469 1600 794 1658 ἢπατίζουσαν,
834 1600 995 1659 ῥᾳδίως
1033 1600 1353 1660 ὖγραινομένην
1384 1604 1522 1645 Diosc.
1554 1603 1631 1645 III.

160 1682 214 1725 22
243 1687 368 1723 vocat
397 1682 420 1722 i.
456 1694 490 1722 e.
524 1681 640 1722 cuius
681 1694 806 1721 sucus
837 1681 879 1721 in
910 1682 1101 1736 pastillos
1133 1687 1304 1724 coactus
1341 1682 1459 1735 (XX.
1493 1683 1518 1725 3
1550 1682 1629 1738 al.)

161 1759 286 1801 facile
314 1759 533 1815 liquescat.
592 1758 697 1800 Levi
726 1759 855 1814 igitur
892 1761 1220 1815 transpositione
1258 1761 1376 1802 locus
1408 1760 1534 1802 Plinii
1565 1773 1631 1801 sa-

162 1841 308 1879 natur:
349 1841 428 1887 rufi
458 1841 603 1879 coloris
639 1845 676 1877 el
705 1841 894 1879 iocineris
922 1841 1062 1889 modo,
1098 1841 1276 1887 friabilis
1313 1846 1476 1889 coacta,
1511 1842 1634 1888 facile

162 1919 393 1967 liquescens.

759 2008 820 2055 33
840 2026 899 2047 =
917 2009 1043 2065 5‚16.
1659 2017 1740 2061 569

226 2091 430 2142 Aretion
452 2121 491 2126 -
519 2092 687 2142 similis
701 2098 775 2143 est
795 2095 1035 2145 verbasco
1046 2095 1176 2145 foliis
1191 2125 1241 2131 «-
1264 2093 1631 2158 caulelongo—

225 2180 411 2230 semine
435 2181 642 2242 eumini3
682 2183 895 2233 nascitur
922 2185 968 2232 in
1008 2184 1232 2248 petrosiS,
1261 2184 1426 2233 radice
1447 2189 1630 2242 tenera,

227 2268 338 2318 alba
374 2268 620 2333 dulcique.

271 2356 511 2411 Descriptio
544 2357 701 2412 speciei
743 2358 825 2399 loci
854 2358 1111 2400 indicatione
1157 2360 1335 2401 moleste
1365 2360 1631 2414 interrumpi-

162 2440 249 2475 tur:
280 2448 405 2475 versu
433 2433 581 2475 XXVI
610 2435 845 2477 litterarum
876 2437 1133 2491 transposito
1166 2438 1327 2480 scribe:
1368 2443 1533 2489 cumini,
1563 2454 1631 2479 ra-

163 2515 251 2554 dice
283 2538 330 2543 -
364 2516 564 2564 dulcique,
596 2518 776 2555 nascitur
804 2519 842 2555 in
875 2519 1059 2566 petrosis.

805 2615 980 2659 1bidem.
1087 2600 1091 2605 ’
1660 2631 1743 2676 570

228 2692 528 2757 Decoquitur
568 2693 612 2742 in
671 2694 783 2744 vino
835 2695 897 2743 ad
936 2695 1152 2744 dentium
1204 2696 1404 2747 dolores
1460 2698 1525 2747 ita
1582 2702 1632 2747 ut

227 2781 535 2831 contineatur
571 2797 654 2831 ore
694 2782 970 2835 decoctum.
