1914 3237
299 168 353 214 94
910 173 1027 211 Liber
1058 173 1154 211 XX.

365 303 533 348 contra
570 300 755 349 taenias
801 300 998 360 (efficax
1033 301 1393 360 cssedicitur‘);
1432 301 1597 365 nigrae
1635 301 1759 350 radi-

369 401 452 434 ces
489 387 554 434 ila
589 387 635 434 in
672 402 797 451 aqua
835 394 1004 438 coctae
1043 389 1338 453 porriginem
1373 387 1561 438 tollunt.

408 472 628 521 Quomodo
660 475 860 515 tandem?
891 476 1049 516 scilicet
1079 477 1137 516 ita
1161 481 1207 516 ut
1237 476 1438 528 candida,
1469 476 1511 517 in
1542 489 1671 531 aqua:
1718 483 1759 517 at

297 550 377 592 hoc
406 565 489 591 non
521 557 609 593 crat
647 566 719 592 cur
757 552 902 593 addita
939 554 1145 608 particula
1181 553 1479 595 declararetur.
1538 554 1687 609 ltaque
1717 555 1758 594 in

296 627 388 668 cod.
421 628 446 668 d
478 630 694 682 omittitur,
726 631 873 670 melius
905 630 946 670 in
977 637 1084 670 item
1116 635 1314 673 mutatur.

185 727 266 769 423
363 704 522 756 Sucus
565 708 668 757 eius
694 708 863 772 capitis
888 706 1086 757 dolores
1120 713 1310 757 veteres
1348 713 1395 757 ct
1424 709 1755 773 vertigines—

355 795 510 844 sedat.

434 893 519 934 Cur
556 898 719 935 veteres
759 899 921 936 tantum
960 895 1109 949 capitis
1157 895 1322 937 dolores
1369 895 1507 936 sedari
1551 894 1758 950 dicantur,

295 984 378 1011 non
408 971 596 1025 intelligo
636 985 773 1027 neque
812 973 926 1027 apud
961 972 1255 1015 Dioscorideni
1286 972 1339 1014 II.
1375 972 1452 1016 149
1491 973 1605 1014 aliud
1637 973 1757 1029 quid-

295 1061 420 1103 quam
450 1053 616 1103 praeter
655 1049 734 1090 hoc
768 1054 975 1107 καθαίρει
1007 1049 1200 1106 κεφαλήν
1243 1051 1421 1105 reperio.
1480 1051 1562 1092 Hic
1591 1065 1757 1106 quoque

293 1140 387 1168 cum
404 1127 584 1182 Apuleio
615 1132 756 1178 capitis
787 1132 975 1169 dolorem
1006 1136 1043 1169 et
1071 1137 1164 1170 vert.
1196 1129 1348 1181 scribo,
1376 1128 1672 1183 dittographia,
1704 1130 1758 1172 ad

293 1218 418 1259 quam
449 1205 699 1247 substantivi
730 1191 928 1247 numerus
959 1207 1303 1249 accommodatus
1336 1212 1420 1259 est,
1452 1206 1604 1248 deleta.

183 1354 264 1397 429
866 1344 928 1389 72
963 1356 1018 1375 =
1052 1343 1179 1398 828.

359 1428 447 1477 Est
484 1433 532 1476 et
568 1428 680 1477 beta
716 1427 953 1477 silvestris
991 1443 1134 1492 quam
1170 1427 1403 1478 limonion
1442 1432 1640 1487 vocant,
1678 1428 1757 1477 alii

360 1516 648 1574 neuroides,
703 1515 906 1564 multum
944 1517 1210 1566 minoribus
1265 1516 1392 1566 soliis
1432 1516 1758 1565 tenuioribus-

359 1620 452 1669 que
492 1619 550 1652 ac
587 1603 911 1663 densioribus
952 1604 1179 1654 undecim
1214 1620 1378 1669 saepe,
1417 1603 1554 1653 caule
1593 1603 1692 1654 lilii.

403 1704 550 1745 Talem
589 1704 726 1744 locum
774 1705 1134 1759 corruptissimum
1167 1704 1253 1746 Sill.
1294 1705 1379 1745 Ian.
1426 1703 1645 1744 dederunt.
1703 1703 1758 1744 Et

293 1783 427 1823 minor
479 1781 647 1836 quidem
687 1795 737 1822 ea
777 1781 998 1823 diversitas
1039 1788 1103 1823 cst
1148 1797 1255 1838 quae
1300 1781 1539 1823 nominibus
1580 1780 1756 1823 Graecis

293 1863 544 1912 continetur,
577 1859 655 1900 etsi
674 1859 867 1914 equidem
887 1873 970 1901 non
988 1860 1123 1913 video,
1158 1875 1231 1903 cur
1250 1874 1333 1901 non
1354 1874 1376 1901 e
1396 1859 1575 1901 lectione
1587 1858 1757 1914 Apuleii

294 1943 336 1979 et
365 1937 456 1979 cod.
481 1940 519 1980 Θ
541 1940 777 1978 lemnom'um
808 1941 1005 1978 limonium
1035 1939 1174 1992 potius
1206 1953 1332 1994 quam
1361 1942 1544 1979 limonion
1563 1939 1754 1992 legamus

293 2020 419 2071 atque
440 2029 462 2056 e
483 2028 639 2071 magna
656 2015 842 2055 omnium
874 2016 1111 2070 corruptela
1148 2016 1330 2057 litteram
1362 2030 1396 2056 m
1428 2016 1684 2056 retineamus
1717 2018 1758 2055 et

292 2097 517 2135 uem-otclem
537 2093 782 2134 scribamus.
815 2092 972 2134 Verum
993 2093 1122 2134 multo
1146 2094 1313 2149 gravior
1330 2094 1370 2134 in
1400 2094 1601 2147 proximis
1620 2092 1758 2134 verbis

294 2184 409 2212 error
446 2172 638 2212 occurrit.
697 2171 836 2218 Quum
876 2171 987 2212 enim
1018 2172 1288 2213 Dioscorides
1319 2171 1390 2214 IV.
1426 2172 1475 2214 1ss
1516 2170 1567 2211 de
1608 2170 1755 2211 eadem

292 2250 424 2291 herba
455 2250 559 2291 haec
591 2249 831 2290 tradiderit:
889 2249 943 2290 τὰ
974 2250 1054 2302 μὲν
1098 2250 1243 2305 φύλλα
1289 2247 1377 2302 ἔχει
1417 2247 1549 2303 ὅμοια
1579 2248 1756 2305 τεύιλῳ,

291 2328 531 2384 λεπτότερα
562 2328 611 2370 δὲ
641 2331 715 2369 καὶ
742 2328 992 2384 μακρότερα
1023 2330 1095 2369 καὶ
1116 2329 1251 2371 πλείω
1291 2327 1399 2373 (sive
1430 2326 1584 2381 potius,
1616 2330 1660 2366 ut
1691 2330 1755 2366 est

292 2407 332 2446 in
363 2405 520 2446 Aldina
550 2405 746 2457 editione,
769 2405 874 2447 δέκα
905 2403 928 2459 ἢ
958 2406 1136 2458 πλείω),
1167 2405 1328 2446 Plinius
1361 2404 1511 2446 eadem
1541 2403 1642 2444 folia
1672 2416 1755 2444 non

292 2485 428 2538 potuit
467 2488 624 2525 mullum
665 2488 818 2525 minora
856 2483 1081 2539 appellare.
1139 2483 1394 2524 Accusativo
1439 2482 1548 2523 enim
1581 2494 1663 2521 non
1696 2479 1755 2520 of-

293 2562 440 2602 fendor
471 2562 593 2602 simili
624 2562 713 2602 loco
772 2561 865 2602 XV.
897 2561 950 2603 68
986 2565 1240 2614 comparato.
1300 2560 1430 2616 Atqui
1489 2559 1598 2614 apud
1641 2559 1756 2612 Apu-

294 2640 418 2680 leium
468 2644 583 2690 lonae
627 2641 821 2692 111in0rib;
881 2639 1097 2691 scribitur,
1155 2639 1317 2693 syllaba
1366 2642 1417 2679 mi
1460 2642 1545 2678 tam
1579 2636 1757 2676 obscure

293 2723 337 2757 ut
369 2731 394 2758 a
423 2717 624 2757 Diibnero
676 2718 756 2772 legi
805 2717 1056 2772 nequiverit,
1105 2715 1217 2756 unde
1267 2719 1513 2765 lonyz'orilms
1565 2714 1754 2754 efficitur.

293 2795 460 2837 Deinde
491 2795 601 2836 idem
647 2809 729 2835 non
759 2808 878 2846 saepe
908 2794 982 2835 scd
1009 2798 1052 2844 fe
1081 2793 1249 2849 scripsit
1279 2806 1371 2834 cum
1416 2792 1578 2847 syllaba
1609 2792 1757 2833 iisdem
