1914 3237
186 1711 265 1752 100

288 151 343 192 76
916 147 1046 190 Liber
1076 147 1131 192 V.

290 281 418 315 tenus
448 273 621 328 quidem
651 270 849 313 latiorem
877 284 1003 313 usum
1023 272 1197 313 admisit
1220 277 1265 312 ut
1285 271 1544 325 Apamenen
1572 281 1614 315 ct
1632 272 1759 316 Chal-

289 352 475 392 cidenen
508 349 644 392 Coele
674 350 833 405 Syriae
869 351 1130 392 attribueret
1159 350 1196 406 §.
1211 348 1289 398 81,
1324 350 1406 391 sed
1432 349 1756 404 Damuscenen,

290 428 557 471 Casiotidem
586 437 629 471 et
655 430 771 486 quod
792 429 1102 484 gravissimum
1131 436 1214 478 est,
1248 428 1504 470 Phoenicen
1536 442 1590 472 ac
1610 429 1759 472 Palae-

287 507 446 559 stinam
477 507 708 564 diligenter
737 509 793 549 ab
823 520 878 549 ea
907 508 1154 561 separavit,
1184 506 1242 550 cf.
1265 507 1381 564 §.GQ
1399 507 1467 558 70,
1483 508 1551 558 74,
1566 508 1635 549 79.
1668 508 1758 550 lam

287 600 395 628 vero
416 587 568 628 Arado
603 587 886 629 phoeniciam
917 586 1142 627 terminari
1172 586 1269 640 ipse
1301 593 1453 627 narrat
1482 587 1611 642 §.792
1642 588 1758 629 unde

289 664 455 707 Coelen
485 666 661 720 Syriam
692 679 719 706 a
753 665 860 706 mari
892 671 1102 705 remotam
1138 665 1373 707 interiores
1404 672 1569 706 tantum
1599 665 1758 720 Syriae

288 753 440 799 partes
478 743 713 799 complecti
746 743 1004 786 necessario
1050 744 1346 798 consequitur.
1421 744 1590 792 Quodsi
1628 743 1759 799 igitur

287 822 467 878 vulgata
503 824 728 878 scriptura
768 830 953 877 propter
995 829 1298 877 argumentum
1340 828 1409 861 est
1455 822 1758 876 improbanda,

288 902 422 944 multo
454 902 583 943 etiam
621 902 762 944 minus
792 901 950 955 Silligii
989 900 1122 942 lectio
1164 898 1343 941 tolerari
1374 900 1553 953 poterit,
1597 901 1761 956 quippe

288 994 401 1037 quae
431 993 674 1035 pronomen
704 979 933 1021 relativum
963 979 1187 1021 enuntiato
1218 978 1425 1020 obtrudat
1455 979 1512 1019 ad
1543 979 1660 1034 quod
1694 979 1760 1020 ni-

288 1059 348 1101 hil
380 1059 554 1101 omnino
591 1066 694 1114 apte
739 1057 972 1100 reseratur.
1042 1058 1206 1100 Verum
1233 1057 1345 1098 enim
1374 1070 1483 1099 vero
1520 1058 1635 1099 viam
1666 1072 1759 1100 me—

289 1140 419 1181 dendi
449 1145 664 1180 monstrat
700 1137 813 1179 baec
843 1138 1043 1178 codicum
1076 1136 1185 1179 Mss.
1217 1138 1438 1190 scriptura
1469 1150 1555 1192 qua
1585 1144 1628 1179 et
1659 1151 1759 1179 cum

286 1219 462 1273 linguae
485 1217 657 1272 legibus
685 1224 730 1259 et
756 1230 856 1258 cum
887 1217 951 1258 rei
979 1216 1165 1258 veritate
1182 1215 1310 1258 locus
1330 1215 1452 1257 Plinii
1479 1214 1620 1270 possit
1651 1228 1760 1256 con-

288 1297 442 1342 ciliari.
501 1297 661 1338 lterum
692 1296 804 1337 enim
833 1295 1179 1350 transpositione
1209 1295 1416 1337 utendum
1434 1301 1503 1336 est
1532 1301 1664 1350 atque
1691 1308 1760 1336 re-

288 1377 557 1433 ponendum:

344 1456 389 1497 A
417 1462 531 1513 terqo
568 1454 660 1495 eius
694 1467 816 1494 mons
843 1452 1040 1494 Libanus
1077 1466 1199 1492 orsus
1227 1451 1325 1493 MD
1361 1449 1513 1492 stadiis
1542 1450 1760 1506 Simyram

345 1548 481 1595 usque
515 1533 765 1589 porriqitur.
819 1531 941 1573 Huic
975 1546 1059 1586 par
1093 1530 1406 1572 interveniente
1444 1529 1588 1569 valle
1623 1544 1761 1589 quae

346 1611 473 1655 Coele
501 1610 633 1667 Syria
664 1610 991 1669 cognominatur
1019 1608 1301 1649 Antilibanus
1329 1606 1576 1650 obtenditur
1611 1607 1691 1649 rel.

843 1711 908 1760 78
933 1735 978 1754 =
998 1711 1202 1760 Ibidem.

356 1817 430 1864 At
467 1815 515 1863 in
553 1812 1002 1875 oraletiamnum
1039 1811 1258 1860 subiecta
1294 1811 1482 1858 Libano
1520 1815 1601 1858 rel.

400 1929 476 1971 Sic
512 1929 595 1969 iam
631 1928 673 1968 in
711 1927 902 1969 editione
934 1923 1140 1968 Francos.
1170 1937 1209 1965 a.
1242 1921 1360 1964 1583.
1391 1921 1568 1976 legitur,
1605 1922 1758 1964 nescio

287 2021 344 2049 an
374 2007 416 2048 in
446 2006 662 2060 exemplis
691 2004 1039 2046 Basileensibus.
1097 2003 1230 2058 Apud
1262 2002 1547 2044 Benedictum
1575 2014 1613 2042 a.
1636 2001 1759 2043 1507.

287 2086 506 2128 invenitur
533 2085 594 2125 At
623 2085 671 2124 in
700 2098 778 2125 ora
796 2098 916 2124 nmae
933 2083 1137 2138 subiecta,
1167 2084 1208 2124 in
1231 2081 1327 2124 cod.
1343 2081 1384 2122 N
1408 2079 1525 2130 hinc,
1550 2079 1606 2119 ad
1633 2079 1759 2120 cuius

285 2163 528 2219 marginem
560 2177 677 2203 num:
705 2163 976 2218 adscriptum
999 2170 1080 2205 est.
1138 2162 1240 2204 Vox
1260 2169 1404 2202 autem
1436 2159 1673 2198 etiamnum
1702 2170 1759 2199 ex

286 2243 359 2285 illo
389 2257 521 2296 ηιιησ,
550 2249 594 2283 ut
618 2242 806 2294 videtur,
837 2250 1041 2284 correcta
1072 2255 1202 2297 quum
1223 2240 1278 2281 ab
1294 2238 1496 2280 omnibus
1511 2236 1632 2278 libris
1649 2235 1759 2277 Mss.

288 2323 342 2363 de
372 2321 528 2376 quibus
561 2321 669 2362 certi
699 2320 861 2377 aliquid
891 2329 1092 2372 constat,
1132 2320 1267 2370 absit,
1302 2318 1396 2360 sine
1430 2316 1559 2358 dubio
1591 2322 1660 2356 est
1688 2314 1760 2355 eii-

287 2401 458 2442 eienda.
519 2399 683 2454 Magno
710 2414 933 2442 consensu
964 2400 1059 2442 libri
1091 2398 1198 2441 Mss.
1229 2397 1392 2439 habent
1423 2400 1566 2436 autem
1596 2402 1639 2435 et
1669 2392 1758 2448 qui·

287 2480 386 2521 dem
417 2479 676 2521 rectissime.
736 2480 846 2520 Nam
875 2478 977 2520 illud
1009 2484 1054 2518 at
1083 2478 1201 2519 initio
1231 2475 1440 2518 enuntiati
1468 2474 1638 2515 abesta
1658 2471 1758 2513 cod.

287 2568 336 2609 Θ,
367 2559 408 2599 in
440 2557 620 2613 reliquis
649 2565 796 2599 autem
827 2571 851 2599 e
880 2558 1019 2598 verbo
1052 2555 1349 2610 praecedente
1379 2553 1540 2593 laxitas
1566 2564 1619 2593 eo
1650 2549 1757 2591 faci-

286 2637 370 2679 lius
401 2638 521 2678 nasci
551 2636 705 2690 potuit,
732 2650 862 2691 quum
891 2643 1105 2690 sequatur
1134 2634 1194 2684 in,
1221 2633 1302 2675 etsi
1333 2633 1372 2672 in
1393 2631 1644 2672 universum
1670 2641 1757 2668 non

287 2728 448 2770 magna
480 2722 548 2756 est
575 2714 815 2757 litterarum
844 2716 876 2756 S
909 2722 952 2756 et
980 2714 1015 2755 Τ
1046 2712 1295 2756 similitudo.
1354 2708 1523 2756 Quodsi
1554 2708 1651 2763 quis
1676 2707 1756 2749 Sil.

288 2793 375 2849 ligii
407 2793 584 2835 invento
617 2795 675 2835 uti
704 2794 830 2844 velit,
868 2793 1065 2836 scribere
1098 2790 1258 2846 poterit
1290 2788 1348 2830 Et
1377 2788 1494 2842 quod
1521 2799 1684 2841 reapse
1714 2785 1755 2827 in
