1914 3237
706 136 838 179 Liber
869 136 913 179 V
911 137 944 178 I
942 137 973 179 Ι
974 169 984 179 .
1503 133 1582 175 123

219 260 518 302 Accusativos
551 275 650 302 cum
681 260 936 302 infininitivo
964 260 1228 301 coniunctos
1256 258 1324 301 sic
1348 265 1395 300 ut
1428 271 1454 299 a
1487 258 1582 300 Sill.

109 340 315 381 scribitur
345 340 483 389 locus,
515 339 609 380 sine
643 338 730 378 ullo
763 338 900 378 verbo
931 337 1050 377 finito
1069 337 1194 377 salva
1213 344 1439 379 structura
1462 345 1582 379 stare

109 434 196 460 non
238 432 373 473 posse
415 422 618 470 apparet.
693 415 823 461 Quod
865 428 974 455 vero
1011 414 1146 468 vulgo
1188 424 1292 469 post
1331 416 1583 467 „feminas<‘

109 498 282 538 additur
312 497 492 537 verbum
526 495 778 545 „constat‘·‚
809 493 966 548 procul
996 494 1126 535 dubio
1158 495 1200 535 in
1233 496 1461 537 codicibus
1479 497 1583 538 Bar-

109 577 203 618 bari
241 584 283 616 et
314 575 484 616 Gelenii
523 574 756 630 legebatur
795 582 837 615 et
879 573 1038 628 legitur
1073 574 1307 615 etiamnum
1338 575 1379 614 in
1411 575 1510 615 cod.
1541 575 1585 624 d,

107 655 234 695 abest
266 667 292 694 a
322 653 399 694 RT
430 655 629 695 Mun-bac.
697 654 864 696 Verum
902 668 929 695 a
966 655 1113 709 priore
1152 655 1378 695 enuntiato
1408 654 1585 709 longius

108 733 240 774 distat
270 746 396 786 quam
428 740 474 772 ut
507 732 739 773 commode
764 746 817 773 co
850 747 1024 787 quoque
1055 733 1281 787 pertinere
1314 741 1458 788 queat.
1502 734 1586 774 Ac·

109 812 227 853 cedit
257 811 374 866 quod
405 811 522 865 apud
556 809 742 851 Gellium
774 810 848 850 lX.
868 810 905 850 4.
937 819 1039 864 post
1065 824 1104 851 v.
1131 811 1473 866 Thysdritanum
1505 813 1586 852 ad-

110 892 270 932 duntur
282 891 420 932 verba
436 898 678 931 memoratu
695 889 1105 951 dignazvivebatqne
1121 905 1218 930 cum
1224 891 1450 946 proderem
1465 890 1585 942 Ιιαεο,

109 984 223 1024 quae
252 970 352 1024 quin
384 983 410 1009 a
444 968 580 1009 Plinio
617 968 783 1022 scripta
818 967 1001 1018 fuerint,
1036 968 1207 1009 minime
1250 970 1423 1011 videtur
1461 971 1587 1012 dubi-—

108 1050 300 1090 tandum.
362 1047 644 1088 Manifestum
679 1055 746 1088 est
778 1047 928 1101 igitur,
967 1047 1008 1088 in
1042 1048 1138 1088 cod.
1168 1047 1417 1103 archetypo
1449 1056 1585 1090 totum

106 1141 285 1169 versum
317 1141 402 1181 quo
440 1135 618 1180 praeter
648 1140 785 1167 voces
818 1127 947 1167 modo
977 1127 1177 1180 prolatas
1214 1127 1378 1169 finitum
1411 1143 1586 1184 quoque

106 1208 289 1249 verbum
311 1207 633 1255 continebatur,
664 1207 781 1247 unde
802 1207 1002 1260 proxima
1022 1208 1129 1260 apta
1149 1214 1315 1261 essent,
1348 1207 1585 1249 excidisse.

114 1286 327 1326 Traditur
355 1285 495 1327 fuisse
536 1288 766 1340 suspicor,
814 1287 932 1341 quod
978 1300 1076 1327 cum
1104 1300 1216 1327 voce
1261 1300 1397 1341 supra
1441 1289 1588 1341 posita

0 1361 1 1375 ¹
53 1388 55 1390 ·
116 1366 456 1421 Thysdritanum
488 1379 512 1406 a
545 1367 693 1407 scriba
722 1373 1016 1420 permutatum
1047 1365 1236 1407 lacunae
1269 1367 1483 1420 originem
1514 1367 1587 1408 de·

112 1446 232 1486 disse
270 1445 485 1487 videatur.
560 1444 767 1485 Similiter
799 1445 837 1501 ξ.
861 1443 928 1485 39.
960 1445 1098 1485 verba
1134 1445 1220 1484 iam
1252 1444 1425 1505 quidem
1453 1445 1530 1489 rel.
1560 1459 1587 1487 a

109 1537 179 1566 vv.
211 1522 493 1562 Tralaticimn
522 1528 584 1562 est
617 1524 810 1576 pendent
840 1536 894 1563 ac
925 1522 1080 1564 leviori
1100 1523 1454 1578 interpunctione
1487 1539 1585 1566 cum

109 1602 161 1642 iis
195 1601 502 1654 coniungenda
537 1607 653 1640 sunt.

720 1735 784 1782 43
809 1758 853 1776 =
876 1735 922 1796 7,
944 1736 991 1783 5.
1612 1766 1693 1808 154

181 1837 262 1885 Tu
294 1836 375 1901 qui
409 1835 630 1900 corporis
660 1836 843 1884 viribus
874 1836 1003 1897 fidis,
1041 1843 1093 1884 tu
1113 1836 1194 1900 qui
1212 1836 1465 1886 Fortunae
1484 1855 1586 1886 mu-

180 1943 297 1974 nera
345 1925 639 1990 amplexaris
674 1933 721 1973 et
763 1932 812 1973 te
858 1942 921 1973 ne
961 1927 1203 1974 alumnum
1246 1928 1440 1992 quidem
1480 1929 1585 1977 eius

182 2017 432 2065 existimas
464 2016 551 2064 sed
581 2024 799 2080 partum3
830 2025 882 2066 tu
914 2018 1052 2066 cuius
1088 2035 1329 2083 semper
1360 2020 1587 2069 tincto-

178 2107 269 2154 ria
306 2114 381 2154 est
409 2123 562 2166 mens,
598 2115 650 2154 tu
682 2107 764 2171 qui
799 2115 846 2154 te
886 2108 1030 2155 deum
1072 2109 1250 2169 credis,
1289 2110 1449 2174 aliquo
1480 2128 1588 2159 suc-

184 2214 328 2245 cessu
357 2204 532 2254 tumes,
569 2196 688 2244 tanti
725 2197 890 2261 perire
927 2197 1126 2261 potuisti
1166 2204 1246 2245 rel.

226 2310 394 2351 Locum
430 2317 683 2363 corruptum
716 2323 820 2351 esse
845 2324 1000 2351 omnes
1025 2310 1123 2355 VV.
1144 2311 1235 2354 DD.
1264 2312 1590 2363 intellexerunt,

117 2390 159 2430 in
192 2390 467 2430 emendando
487 2391 685 2431 certatim
719 2399 776 2439 et,
803 2391 840 2432 si
862 2391 974 2446 ,quid
1005 2392 1150 2442 video,
1177 2392 1414 2434 infeliciter
1444 2394 1591 2434 elabo-

117 2475 283 2510 rarunt.
340 2468 402 2508 In
428 2468 608 2509 victoria
637 2468 789 2523 legunt
818 2468 1044 2511 Barbarus
1072 2477 1115 2511 et
1146 2469 1358 2512 Gelenius
1386 2472 1516 2523 male,
1546 2480 1593 2513 ut

119 2554 321 2601 apparet„
354 2560 498 2600 neque
528 2546 682 2588 melius
715 2547 867 2599 ceteri,
899 2549 969 2602 qui
987 2548 1088 2589 inde
1109 2563 1135 2589 a
1154 2549 1318 2591 Vossio
1340 2551 1417 2603 (ad
1432 2550 1593 2592 Metu.

122 2626 160 2665 1.
186 2625 258 2678 13)
290 2626 499 2666 cinctoria
528 2626 623 2666 sive
658 2626 858 2666 tinctor-ia
887 2629 1043 2681 reponi
1075 2628 1322 2670 voluerunt..
1383 2631 1517 2682 Nam,
1549 2639 1595 2672 ut

122 2704 315 2745 omittam
345 2704 469 2745 vocis
511 2704 838 2757 „tinctorium“
876 2719 957 2760 pro
995 2706 1143 2760 gladio
1182 2716 1424 2764 usurpatae
1461 2709 1594 2751 valde

125 2781 300 2824 dubiam
326 2781 483 2833 fidem,
525 2782 828 2834 „cinctorius“
866 2796 1008 2839 aeque
1042 2797 1098 2827 ac
1130 2786 1422 2840 ‚‚tinctorius“
1451 2802 1539 2830 non
1569 2801 1596 2829 a
