1914 3237
211 2226 287 2267 184

298 113 378 154 146
898 110 1029 152 Liber
1061 111 1205 155 VIII.

298 236 414 290 quod
448 248 556 275 sane
588 232 801 289 placeret,
832 235 916 277 nisi
949 241 1035 276 tum
1066 235 1234 291 reliqua
1268 247 1442 289 quoque
1472 236 1679 277 mutanda
1710 237 1770 278 vi-

299 314 520 354 derentur.
553 311 698 353 Scribi
725 312 837 353 enim
869 321 1096 367 oporteret
1126 313 1412 354 dentientium
1441 313 1773 368 permandentes

298 403 435 433 more,
475 396 520 430 ut
550 404 661 432 voce
691 391 806 432 circa
839 408 918 446 pro
952 393 1164 434 adverbio
1196 399 1386 446 accepta
1415 391 1611 432 surculos
1645 406 1671 433 a
1702 392 1773 433 cle-

299 473 455 507 vorant
472 475 618 522 aptum
638 477 769 511 esset.
801 470 859 510 At
890 484 995 512 vero
1023 472 1090 512 sic
1123 479 1165 512 et
1197 470 1326 525 paulo
1345 471 1556 512 audacius
1576 472 1774 525 grassari

300 545 341 586 in
385 546 584 588 codicum
623 548 855 601 scripturis
887 549 1136 589 videremur
1174 557 1217 589 et
1245 562 1396 589 vocem
1425 548 1772 603 praedomantes,

301 637 429 679 quam
461 634 643 679 propter
674 626 814 679 ipsam
854 626 1080 666 raritatem
1120 626 1277 667 scribis
1316 626 1387 666 vix
1431 626 1622 668 tribuere
1658 626 1775 677 licet,

300 716 386 743 non
419 712 540 744 recte
568 704 932 759 relinqueremus.
994 706 1165 754 Quodsi
1195 713 1339 746 autem
1371 706 1656 748 Aristotelem
1688 721 1775 748 non

301 781 616 835 interpretatus
648 783 730 823 sed
764 783 898 823 libere
931 783 1120 824 imitatus
1153 790 1221 824 est
1243 783 1419 837 Plinius,
1450 798 1581 825 unum
1613 792 1776 824 tantum

302 859 561 900 vocabulum
599 868 763 911 restat,
812 861 928 914 quod
963 860 1144 901 tolerari
1181 874 1268 901 non
1307 861 1470 915 possit:
1507 876 1600 905 ora.
1664 862 1778 909 Quid

302 946 446 979 autem
483 940 584 980 dicit
613 940 840 994 scriptor?
886 946 1036 981 certos
1065 940 1279 994 quosdam
1311 941 1436 981 cibos
1468 941 1523 980 ab
1554 941 1670 981 ursis
1701 953 1778 995 ap-

304 1018 415 1071 peti,
462 1032 583 1059 arum
625 1017 913 1059 laxandorum
960 1019 1287 1067 intestinorum,
1335 1017 1541 1059 surculos
1587 1019 1778 1060 dentium

304 1097 711 1137 conservandorum
744 1109 897 1137 causa.
971 1095 1135 1136 Malum
1166 1096 1296 1150 igitur
1335 1097 1777 1152 circumspiciendum
1815 1107 1819 1111 “

304 1175 385 1216 erit
417 1176 532 1230 quod
564 1189 589 1215 a
623 1175 824 1215 dentibus
855 1173 1010 1228 procul
1042 1173 1231 1224 habent,
1271 1186 1371 1214 nam
1401 1173 1534 1215 futuri
1565 1178 1776 1230 temporis

304 1254 423 1293 notio
453 1252 809 1308 praedomando
842 1252 1102 1294 continetur.
1170 1251 1234 1292 Ea
1265 1266 1371 1293 vero
1404 1260 1474 1294 est
1509 1255 1646 1294 caries
1677 1267 1777 1309 qua,

307 1346 437 1387 quum
478 1333 576 1373 cibo
611 1346 691 1386 per
719 1339 851 1372 totam
886 1331 1071 1372 hiemem
1103 1331 1414 1382 abstinuerint,
1457 1332 1658 1376 facillime
1685 1334 1779 1376 fieri

306 1419 454 1466 potest
493 1420 538 1452 ut
578 1412 734 1452 dentes
774 1410 889 1452 nullo
930 1426 1010 1452 usu
1048 1411 1276 1452 exercitati
1314 1410 1519 1452 laborare
1556 1412 1778 1466 incipiant.

307 1494 448 1540 Quam
472 1493 543 1533 ubi
567 1492 730 1532 teneris
751 1491 941 1532 surculis
960 1492 1219 1533 mandendis
1249 1498 1420 1541 cavent,
1452 1499 1573 1532 recte
1604 1491 1781 1531 domare

308 1571 508 1611 dicuntur
538 1569 663 1611 sicuti
685 1568 881 1611 x1V.55.
916 1569 1035 1619 „vini
1066 1569 1212 1610 caries
1244 1568 1454 1608 indomita
1483 1568 1778 1623 appellatur“,

304 1648 590 1705 praedomare
619 1646 744 1688 simili
776 1646 948 1687 ratione
982 1659 1068 1701 qua
1099 1647 1218 1700 apud
1250 1648 1471 1687 Senecam
1493 1646 1571 1701 Ep,
1595 1647 1687 1688 113.
1717 1647 1779 1688 le-

307 1728 442 1781 gitur:
470 1740 652 1780 „omnes
682 1739 832 1775 casus,
865 1733 1097 1780 antequam
1120 1726 1362 1780 exciperet,
1389 1726 1662 1781 praedomuit
1690 1741 1780 1768 me-

310 1806 530 1846 ditan(lo“.
599 1804 828 1846 Devorant
858 1803 986 1857 igitur
1017 1804 1108 1844 ursi
1137 1817 1260 1844 arum
1294 1812 1335 1845 et
1367 1804 1569 1846 surculos
1598 1805 1639 1846 in
1672 1806 1780 1847 vici—

310 1885 443 1925 nitate
473 1882 703 1924 fovearum
732 1882 954 1942 (circaque
985 1882 1098 1923 enim
1129 1883 1386 1925 adverbium
1419 1886 1534 1938 est),

653 1962 847 2002 dentium
870 1961 1203 2016 praedomantes
1231 1963 1342 2002 cari
1351 1978 1434 2004 em.

422 2041 532 2081 Nam
561 2053 718 2081 vocem
749 2031 878 2079 carie?
903 2038 1035 2080 facile
1078 2040 1118 2079 in
1156 2030 1235 2080 ονῆ
1267 2039 1421 2080 mutari
1453 2039 1647 2092 potuisse
1685 2039 1779 2081 aliis

313 2117 525 2173 exemplis
557 2133 596 2172 p.
618 2116 710 2159 130.
743 2116 1143 2170 comprobavimus.

869 2206 964 2254 137
987 2231 1030 2247 z
1055 2207 1133 2267 38,
1154 2207 1233 2254 57.

382 2298 604 2362 Lyncum
633 2315 769 2346 umor
800 2298 865 2345 ita
895 2298 1115 2346 redditus
1149 2297 1228 2346 ubi
1257 2297 1517 2362 gignuntur
1546 2297 1781 2361 glaciatur

382 2387 620 2435 arescitve
660 2387 706 2435 in
743 2404 956 2451 gemmas
993 2387 1300 2436 carbunculis
1338 2386 1520 2434 similes
1554 2393 1602 2434 et
1638 2385 1778 2451 igneo

382 2477 545 2525 colore
579 2477 841 2540 fulgenteS‚
881 2476 1154 2540 lyncurium
1194 2484 1462 2536 vocatas,
1502 2483 1679 2540 atque
1712 2478 1779 2524 ob

379 2566 437 2614 id
479 2567 647 2614 sucino
694 2582 719 2613 a
750 2566 999 2630 plerisque
1040 2565 1106 2613 ita
1141 2566 1366 2630 generari
1403 2564 1612 2629 prodito.
1682 2565 1778 2613 No-

378 2672 495 2703 vere
539 2655 631 2703 hoc
669 2654 925 2718 sciuntque
971 2655 1139 2718 lynces
1182 2660 1230 2702 et
1268 2654 1539 2703 invidentes
1589 2654 1774 2703 urinam

379 2753 510 2793 terra
541 2746 766 2808 operiunt
798 2762 954 2807 eoque
992 2746 1201 2793 celerius
1237 2744 1473 2792 solidatur
1502 2746 1597 2793 illa.
