1914 3237
721 175 840 214 Liber
868 174 965 213 XX.
1520 166 1574 214 95

112 308 305 350 sordibus
345 309 497 359 oblita,
546 307 570 348 i.
602 320 638 346 e.
665 309 765 356 fere.
802 303 1025 344 >Ultimum
1071 301 1319 344 vocabulum
1366 298 1576 340 wemliee

113 385 403 437 Murbacensi,
435 384 486 424 de
520 397 601 438 quo
642 382 693 425 cf.
725 382 858 436 Sillig.
899 381 976 423 vol.
1006 380 1040 422 Ι.
1078 395 1117 434 p.
1149 379 1310 431 XXIV,
1339 378 1577 418 restitutum

113 468 178 504 est
208 476 233 503 a
263 462 485 513 Comen-io,
526 460 657 501 nostri
696 460 863 500 codices
901 462 1070 499 caulium
1102 457 1272 497 habent.
1331 454 1576 509 Legendum

112 541 241 595 igitur
271 553 363 580 esse
395 552 570 580 censeo:

172 621 218 658 E.
249 630 280 657 e.
313 619 347 656 b.
386 630 417 657 s.
449 631 485 666 q.
523 619 744 656 limonium
775 629 831 668 zu,
869 629 906 654 α.
953 617 1217 663 neuroc'dem,
1256 613 1581 661 lonqioribus

165 698 198 744 fi
221 703 244 735 l.
277 708 312 734 a.
345 698 397 743 d„
431 709 468 735 u.
497 696 628 747 fere⁷
660 707 693 734 ο.
726 696 749 733 l.

225 773 262 826 ξ,
293 772 345 815 73
390 771 502 812 haud
542 771 666 813 dubie
705 785 787 811 non
833 773 1028 811 {mzbulam
1078 767 1153 808 sed
1198 769 1449 807 ambubaiam
1488 778 1581 805 cum

115 850 300 905 Rigaltio
332 850 456 891 scribi
487 850 735 904 oportebat,
783 862 910 903 quum
941 847 1052 888 idem
1084 859 1238 886 nomen
1270 848 1311 885 et
1343 842 1455 898 apud
1487 841 1581 882 Cel-

115 942 209 969 sum
239 928 294 969 ΙΙ.
325 927 379 971 30
415 933 456 968 et
499 928 541 968 in
571 928 709 969 indice
752 927 844 968 libri
876 926 1008 967 nostri
1037 924 1185 965 leviter
1235 926 1477 976 corruptum
1519 932 1583 960 re-

116 1007 334 1062 periretur.

691 1136 752 1181 90
787 1147 841 1167 Ξ
879 1133 1002 1189 9,35.

183 1219 258 1268 Ex
295 1219 520 1269 omnibus
578 1219 824 1268 brassicae
870 1218 1138 1283 generibus
1187 1214 1478 1264 suavissima
1513 1216 1587 1261 est

185 1323 339 1372 cyma,
377 1307 469 1357 etsi
504 1306 685 1357 inutilis
720 1307 949 1365 habetur,
991 1304 1202 1355 difficilis
1238 1304 1286 1351 in
1325 1300 1586 1366 coquendo

184 1403 231 1447 et
266 1396 464 1446 renibus
502 1396 755 1446 contraria.

229 1484 294 1525 De
345 1499 425 1526 usu
463 1485 719 1538 medicinae,
780 1498 864 1524 non
910 1483 961 1524 de
1012 1483 1150 1523 culina
1200 1480 1382 1537 loquitur
1428 1477 1588 1519 Plinius

1615 1161 1698 1204 430

120 1577 369 1619 cymamque
401 1577 485 1604 non
516 1569 740 1618 propterea
770 1564 1002 1616 vituperat,
1050 1559 1162 1616 quod
1193 1563 1339 1611 coctu⁷
1373 1557 1447 1597 sed
1477 1554 1589 1610 quod

121 1646 325 1682 concoctu
347 1640 525 1682 difficilis
558 1642 623 1694 sit,
657 1640 995 1694 κακοστόμαχον
1026 1642 1100 1681 καὶ
1131 1639 1297 1686 κοιλίας
1328 1633 1591 1692 ταρακτικόν

122 1719 360 1775 appellatur
400 1733 424 1760 a
463 1719 710 1760 Dioscoride
741 1721 786 1762 II.
822 1719 912 1761 146.
1000 1717 1116 1758 Sicut
1158 1716 1284 1771 igitur
1314 1713 1477 1755 XXIII.
1514 1713 1582 1754 151

121 1797 303 1838 fructum
348 1797 575 1851 ‚difficilem
614 1798 913 1849 concoctioni‘,
963 1801 1108 1848 vocat,
1158 1796 1216 1835 ita
1260 1794 1328 1835 hie
1378 1791 1592 1833 brassicae

123 1889 245 1931 cyma
275 1880 340 1917 est

176 1956 350 2005 defficilis
379 1968 401 1995 c
413 1967 434 1995 ο
446 1968 470 1995 n
482 1958 698 2005 coquendo.

230 2031 395 2073 Ibidem
412 2047 421 2073 z

188 2111 236 2159 in
289 2111 448 2160 vicem
483 2110 671 2176 psilotri
711 2111 896 2161 evulsis
931 2109 1083 2159 illitus
1120 2108 1231 2174 pilis
1289 2106 1421 2156 nasci
1471 2105 1593 2154 alios
1623 2129 1701 2171 431

190 2198 432 2264 prohibet.

233 2286 328 2327 Non
359 2293 398 2329 e'n
428 2291 551 2328 vicem.
582 2287 657 2328 sed
687 2291 786 2329 inter
823 2285 944 2327 codd.
990 2300 1015 2327 a
1037 2285 1063 2326 d
1093 2285 1274 2337 habent⁷
1322 2285 1464 2339 itaque
1495 2282 1594 2322 scri-

127 2364 314 2407 bendum
346 2365 513 2406 videtur
542 2369 712 2406 instar
735 2368 905 2417 psilotri.

724 2480 993 2536 93:936.
1625 2500 1706 2542 432

190 2563 325 2615 Folia
359 2565 507 2616 habet
544 2581 661 2625 una,
699 2566 923 2625 rotunda,
960 2581 1140 2630 parva,
1177 2564 1304 2614 levia
1343 2569 1435 2615 etc,

236 2655 362 2695 Ianus
394 2658 470 2695 ima
499 2655 616 2709 legit,
664 2668 809 2696 verum
840 2653 981 2694 omnia
1012 2654 1226 2694 brassicae
1258 2654 1462 2695 silvestris
1494 2653 1595 2693 folia

127 2731 315 2772 eiusdem
349 2733 516 2787 generis
535 2737 640 2774 sunt¹
674 2732 822 2784 Hasd„
856 2745 979 2786 quem
1000 2731 1087 2773 Sill.
1109 2733 1311 2786 sequitur,
1342 2732 1594 2773 vocabulum

127 2824 225 2851 una
254 2810 458 2864 pluralem
479 2825 700 2852 numerum
724 2824 819 2852 esse
844 2810 1073 2852 arbitratur
1104 2815 1146 2851 et
1166 2812 1289 2852 unius
1309 2812 1482 2867 generis
1499 2825 1595 2852 esse
