1914 3237
726 159 844 197 Liber
874 157 1052 196 XXXV.
1539 155 1619 199 227

264 283 349 325 Nili
379 297 531 340 aquam
562 286 751 327 marinae
782 285 1103 326 dissimillimam
1129 298 1223 327 esse
1248 286 1339 341 quis
1367 286 1529 326 nescit?
1560 286 1622 326 Ac

156 360 276 416 Nigri
296 361 466 416 quidem
497 368 691 404 naturam
721 362 900 404 eandem
931 376 1056 418 quam
1073 362 1159 403 Nili
1189 376 1284 404 esse
1300 363 1462 404 Plinius
1494 363 1544 404 V.
1570 364 1625 405 44

158 445 273 480 recte
303 439 497 494 tradidit,
537 441 693 482 flumen
723 454 822 483 vero
854 446 896 482 et
925 446 1077 482 natura
1109 445 1150 481 et
1178 440 1317 481 colore
1348 447 1389 482 et
1420 454 1569 496 sapore
1601 453 1626 481 a

158 518 264 558 mari
295 517 506 559 diversum
541 532 635 559 esse
665 520 860 574 ignorare
892 532 976 559 non
1007 519 1155 573 potuit.
1188 518 1357 560 Scilicet
1376 519 1442 559 hic
1459 531 1626 574 quoque

158 595 442 650 importunam
484 597 747 650 grammatici
789 597 1056 637 sedulitatem
1088 596 1348 652 deprehendi
1393 597 1514 650 licet,
1558 597 1627 652 qui

160 687 288 728 quum
319 687 492 716 causam
532 689 604 716 cur
634 675 869 716 crocodilus
901 688 926 715 a
954 675 1115 729 pictore
1158 674 1326 716 additus
1359 680 1492 727 esset,
1545 688 1627 730 quo

160 752 395 792 certissimo
415 753 536 808 signo
568 753 756 794 locorum
786 752 1053 807 fluminisque
1081 752 1186 793 situs
1202 752 1456 806 definiretur,
1476 766 1629 793 novam

160 842 235 884 pro
269 843 344 870 suo
375 830 547 885 ingenio
578 831 846 887 excogitavit.
879 830 1003 878 Quod
1034 835 1175 871 autem
1199 831 1424 872 verborum
1455 829 1557 871 ordo
1588 831 1629 871 in

162 907 279 949 libris
310 909 464 949 nostris
495 909 554 950 ita
583 909 849 964 pervertitur,
880 914 925 949 ut
956 912 1067 949 cuius
1097 912 1186 950 Nilo
1203 917 1260 949 est
1277 922 1383 960 aqua
1399 909 1466 950 vel
1486 922 1632 959 aquam

163 987 367 1041 scriptum
396 986 597 1040 habeant,
627 986 785 1028 factum
817 992 881 1027 est
912 992 998 1027 tum
1030 1001 1125 1028 cum
1150 987 1294 1042 glossa
1323 987 1365 1028 in
1397 987 1631 1028 orationem

162 1065 377 1118 scriptoris
424 1065 696 1120 reciperetur.
756 1065 955 1107 Ceterum
988 1065 1123 1106 obiter
1159 1078 1312 1106 moneo
1350 1079 1489 1120 neque
1527 1069 1634 1106 solus

163 1148 240 1185 inte
270 1142 347 1184 sed
375 1147 514 1184 sollers
543 1148 622 1184 inte
652 1157 789 1199 neque
819 1149 903 1185 elus
933 1143 1009 1184 sed
1035 1148 1169 1194 cuius,
1209 1157 1346 1199 neque
1378 1148 1634 1185 crocodillum

163 1221 240 1263 sed
271 1225 541 1274 corcodillum,
573 1235 710 1277 neque
742 1227 1032 1273 quinquatrcms
1062 1222 1136 1262 sed
1165 1226 1466 1278 quz’nquatruus,
1497 1236 1634 1278 neque

167 1302 486 1354 Clytemestram
526 1300 601 1341 sed
637 1304 924 1354 Clytemeslram
963 1314 1041 1342 nec
1079 1299 1260 1355 denique
1293 1305 1502 1342 etiamnum
1560 1301 1635 1341 sed

165 1385 361 1422 etiannum
392 1378 466 1429 (Bl
498 1371 667 1420 eliu-num
699 1379 779 1428 132)
815 1380 857 1419 in
886 1379 922 1419 B
953 1378 1139 1433 reperiri.

306 1457 430 1505 Quod
487 1462 628 1498 autem
682 1458 717 1510 ξ.
751 1459 830 1499 144
886 1458 1042 1512 legitur
1089 1449 1524 1514 Clytaemnestram
1580 1459 1633 1499 ad
1665 1468 1745 1510 77ss

165 1536 296 1578 verba
320 1538 453 1577 Oreste
473 1544 635 1576 matrem
662 1536 917 1577 retrahenda
948 1549 1043 1578 esse
1076 1538 1267 1591 arbitror,
1298 1538 1638 1592 Clytaemnestra

171 1616 282 1656 enim
314 1614 406 1656 sola
441 1627 526 1654 non
556 1613 722 1655 videtur
761 1620 906 1669 aptum
936 1615 1088 1669 pictori
1128 1621 1423 1671 argumentum
1455 1616 1635 1657 dedisse.

170 1695 401 1736 Praeterea
426 1696 582 1733 Pasiam
601 1706 623 1733 e
643 1693 734 1734 cod.
752 1692 787 1733 B
818 1693 1000 1734 lectione
1031 1698 1194 1734 Pastum
1216 1695 1503 1749 recipiendum
1536 1699 1638 1736 erat.

710 1779 801 1825 148
828 1777 1101 1826 :ibidem
1668 1782 1747 1827 777

236 1895 296 1900 ——
335 1871 384 1914 ut
436 1863 636 1913 multum
672 1865 971 1929 manipretiis
1015 1865 1332 1915 antecederet
1381 1866 1641 1915 celeberri-

238 1969 344 2004 mos
397 1958 555 2002 aetate
602 1954 865 2018 imaginum
913 1953 1126 2018 pictores
1171 1953 1391 2020 Sopolim
1445 1962 1492 2004 et
1527 1955 1643 2004 Dio-

238 2042 446 2107 nysium.

227 2130 438 2183 ,equidem
470 2144 553 2170 non
582 2129 786 2184 intelligo.
834 2130 942 2171 Plin.
974 2143 1021 2171 ea
1052 2138 1182 2171 aetate
1212 2130 1378 2172 videtur
1408 2132 1641 2187 scripsisse‘

171 2208 402 2262 prudenter
443 2208 529 2250 Sill.
579 2210 807 2248 annotavit.
865 2208 1027 2249 Plinius
1074 2214 1216 2249 autem
1263 2210 1449 2266 scripsit:
1507 2214 1642 2252 eadem

174 2294 315 2339 aetale,
347 2286 459 2341 quod
484 2300 715 2342 pronomen
748 2286 877 2327 habet
907 2286 1237 2341 Bambergensis
1270 2290 1369 2329 totis
1391 2290 1540 2330 litteris
1573 2303 1643 2330 ex-

175 2370 352 2406 aratum.

732 2446 896 2493 150:
928 2446 1083 2502 11‚42.
1672 2440 1753 2485 778

240 2533 349 2583 Hoc
386 2547 493 2581 cum
530 2534 708 2591 fecere,
746 2547 843 2582 non
880 2537 1082 2597 apparet
1116 2531 1163 2579 in
1202 2530 1342 2580 velis,

289 2625 376 2662 Hoc
406 2621 640 2661 subiectum
673 2627 751 2673 est,
783 2620 964 2661 delenda
988 2626 1051 2660 est
1082 2620 1210 2674 igitur
1240 2619 1534 2675 interpunctio.

721 2714 816 2762 158
850 2730 911 2755 Ξ
952 2713 1105 2768 12,46.
1675 2716 1756 2760 789

245 2799 296 2849 ln
333 2801 487 2850 sacris
524 2829 571 2835 —
623 2799 851 2849 fictilibus
887 2799 1154 2865 prolibatur
1189 2798 1458 2863 simpuviis.

1309 2887 1397 2928 15*
