1914 3237
159 534 240 575 212

167 2650 250 2693 213

267 123 346 164 168
873 121 1005 164 Liber
1037 121 1112 163 XI
1113 156 1122 166 .

263 245 490 287 unicornia
522 251 702 298 praeter
731 244 899 286 asinum
920 245 1112 286 Indicum
1143 245 1236 286 scre
1264 244 1407 285 omnia
1433 242 1602 285 bisulca
1629 254 1732 282 esse

265 322 466 365 affirmet.
526 321 720 377 Silligius
750 331 895 365 autem
926 325 1041 366 male
1072 332 1173 379 post
1205 322 1373 364 nullum
1403 322 1583 378 gravius
1602 322 1731 363 inter-

264 400 518 455 punctionis
549 399 721 456 signum
754 401 1002 445 collocavit.

804 525 1204 585 266=51,11·2.

334 638 519 687 Vocem
557 655 651 686 non
697 639 877 686 habere
916 639 1009 687 nisi
1057 655 1181 703 quae
1217 639 1491 703 pulmonem
1529 645 1579 686 et
1614 644 1737 684 arte-

333 729 430 777 rias
467 729 646 777 habent
686 729 778 776 hoc
816 735 891 777 est
927 729 1020 777 nisi
1057 745 1182 793 quae
1221 728 1408 792 spirent
1443 728 1737 776 Aristoteles

331 825 483 883 putat.

377 929 570 984 Silligius
602 930 751 972 lanum
780 939 963 972 secutus
994 939 1083 981 est,
1115 931 1188 985 qui
1217 931 1258 971 in
1290 931 1424 971 Nunt.
1453 929 1529 971 litt.
1560 929 1739 971 Monac.

269 1008 390 1051 1836.
433 1023 473 1052 n.
507 1009 603 1054 165.
639 1011 776 1052 verba
814 1011 903 1050 nisi
936 1025 1047 1071 quae
1080 1009 1212 1066 palm.
1243 1024 1277 1051 e.
1309 1014 1394 1053 art,
1428 1007 1523 1050 hab.
1554 1006 1633 1048 hoc
1661 1013 1740 1056 est,

265 1101 381 1144 quae
422 1101 553 1144 quum
591 1102 618 1130 a
655 1088 758 1131 on
799 1089 966 1139 absint,
1009 1089 1176 1142 primus
1213 1086 1526 1141 Dalecampius
1560 1085 1742 1127 exulare

266 1166 408 1219 iussit,
440 1179 465 1209 e
485 1167 583 1209 eod.
607 1166 649 1208 R
679 1173 723 1208 et
750 1167 938 1208 vetustis
970 1165 1231 1207 editionibus
1260 1165 1467 1206 restituit:
1496 1164 1615 1205 haud
1645 1164 1741 1205 scio

266 1259 323 1288 an
342 1246 471 1288 male.
533 1246 645 1287 Nam
677 1245 759 1286 etsi
790 1246 887 1299 ipso
908 1245 1018 1286 libro
1050 1259 1136 1299 quo
1166 1245 1297 1285 lanus
1325 1244 1588 1285 sententiam
1615 1255 1741 1284 suam

267 1324 487 1379 exposuit,
516 1324 577 1365 uti
607 1323 708 1364 mihi
740 1337 826 1363 non
859 1322 976 1375 licet,
1007 1323 1048 1363 id
1081 1331 1222 1363 tamen
1245 1322 1439 1377 eSilligii
1460 1322 1742 1363 annotatione

266 1404 527 1458 perspicere
543 1401 825 1452 mihivideor,
847 1413 1043 1443 veterem
1059 1401 1290 1443 lectionem
1309 1402 1409 1443 ideo
1429 1401 1743 1445 commendari,

268 1483 387 1538 quod
415 1482 456 1538 ᾗ.
479 1482 576 1523 267.
608 1482 759 1535 pisces
788 1481 889 1522 item
918 1480 1166 1535 „pulmone
1197 1489 1240 1522 et
1266 1481 1470 1522 arte1·ia“
1498 1492 1653 1521 carere
1685 1479 1745 1518 di-

269 1569 440 1603 cantur.
500 1559 561 1601 At
591 1573 698 1601 vero
729 1561 787 1601 ita
818 1560 947 1601 etiam
975 1559 1263 1612 Aristoteles,
1294 1573 1320 1600 a
1348 1573 1434 1615 quo
1468 1559 1631 1600 Plinius
1663 1571 1745 1599 sua

270 1639 537 1695 desumpsit,
580 1639 826 1681 orationem
866 1639 1064 1680 variavit.
1140 1638 1254 1682 l-list.
1287 1639 1416 1679 anim.
1447 1638 1520 1679 lv,
1549 1637 1587 1680 9.
1626 1637 1745 1678 initio

270 1719 443 1760 dixerat
484 1716 548 1761 διὸ
577 1714 664 1761 ὅσα
693 1716 752 1773 μὴ
780 1713 867 1770 ἔχει
895 1716 1139 1772 πνεύμονα,
1169 1715 1266 1759 οὐδὲ·
1295 1715 1556 1772 φξὲέγγεται,
1588 1715 1747 1756 deinde

269 1798 309 1840 οἵ
330 1797 362 1840 δ’
388 1796 538 1851 ἷχβύες
568 1791 731 1850 ἄφωνοι
760 1794 839 1850 μέν
865 1795 970 1836 εἶσιν
1001 1789 1118 1847 (οὔτε
1147 1793 1235 1850 γὰρ
1265 1793 1482 1849 πνεύμονα
1512 1791 1607 1837 οὔτε
1628 1794 1730 1850 ἁρτη

268 1875 366 1932 ρίαν
386 1874 460 1918 καὶ
480 1874 697 1929 φάρυγγα
715 1868 906 1925 ἔχουσι).
937 1871 1104 1913 Nostro
1122 1878 1269 1913 autem
1296 1870 1395 1913 loco
1427 1885 1504 1914 cul·
1534 1873 1600 1914 bls
1632 1873 1747 1913 idem

269 1955 436 1996 diceret
468 1951 633 1993 Plinius
662 1950 926 2004 praesertim
963 1950 1004 1988 in
1051 1962 1098 1989 re
1137 1961 1266 2003 quam
1306 1949 1390 1990 iam
1421 1963 1559 2004 supra
1586 1956 1748 1991 tracta-

269 2039 410 2082 verat,
440 2043 579 2073 causa
613 2028 815 2084 profecto
846 2026 961 2069 nulla
991 2027 1090 2070 suit:
1132 2029 1342 2082 quocirca
1380 2029 1420 2068 in
1457 2043 1607 2069 eorum
1645 2042 1746 2070 sen—

269 2110 448 2152 tentiam
479 2107 654 2157 inclino,
691 2107 762 2162 qui
795 2106 1021 2160 glossema
1059 2119 1109 2146 se
1141 2105 1496 2160 deprehendisse
1528 2115 1748 2160 putarunt.

268 2189 484 2231 Dubitare
518 2187 690 2242 quidem
723 2185 882 2239 aliquis
922 2185 1088 2238 possit,
1132 2193 1274 2226 utrum
1317 2187 1464 2239 priora
1498 2187 1637 2226 verba
1668 2199 1747 2226 au:

270 2269 312 2310 h.
335 2282 372 2309 e.
402 2268 489 2307 nisi
513 2280 625 2328 qucte
653 2266 817 2320 spirent
857 2264 1072 2306 eiicienda
1108 2264 1352 2305 videantur.
1403 2265 1515 2304 Nam
1542 2263 1748 2303 librorum

272 2347 382 2388 Mss.
402 2345 706 2386 auctoritatem
728 2344 769 2384 in
793 2343 1048 2384 talibusnon
1072 2343 1333 2397 praevalere
1353 2350 1553 2398 apparet.
1580 2342 1749 2390 Quodsi

272 2435 419 2468 tamen
437 2426 541 2466 lano
572 2424 844 2477 accedimus,
875 2430 963 2464 tum
990 2436 1076 2463 non
1107 2421 1282 2470 habent,
1314 2422 1395 2463 scd
1428 2420 1615 2461 habeant
1645 2421 1748 2461 scri-

272 2505 462 2548 bendum
492 2517 596 2546 esse
630 2502 831 2557 proximo
864 2501 1002 2542 verbo
1033 2500 1195 2555 spirent
1227 2501 1566 2542 demonstratur.

810 2637 906 2685 279
933 2663 977 2681 =
999 2638 1081 2698 53,
1107 2638 1218 2684 115.

343 2753 484 2818 Quae
524 2751 710 2798 insecta
748 2749 1122 2813 appellavimus,
1172 2746 1330 2796 omnia
1378 2746 1471 2794 olei
1510 2745 1748 2809 adspersu
