1914 3237
763 149 897 192 Liber
927 150 1010 193 VI.
1544 147 1623 189 103

153 273 246 314 fieri
277 286 412 328 posse
437 281 483 315 ut
511 272 718 328 Narraga
751 287 830 327 pro
861 271 996 313 fluvio
1025 271 1097 313 illo
1125 271 1363 323 habeatur,
1392 271 1511 327 quod
1538 271 1621 312 iam

147 351 365 394 Anvillius
382 352 654 399 coniecerat,
680 351 1006 392 incertissimae
1025 359 1169 391 tamen
1189 350 1473 392 coniecturae
1492 349 1622 393 aliam

145 442 455 487 superstruere
493 428 792 484 periculosum
835 430 1023 471 videtur.
1099 429 1283 470 Naarda
1319 430 1454 483 enim,
1497 430 1620 472 cuius

145 510 406 565 cognomine
437 508 647 562 oppidum
674 508 859 550 Nom-da
891 516 1014 549 trans
1047 507 1210 561 Tigrim
1240 508 1369 548 situm
1400 510 1515 562 apud
1538 509 1618 550 Zo-

142 590 296 629 simum
313 588 381 628 Ill.
398 587 463 628 34.
493 588 725 638 invenitur,
757 587 982 642 Euphrate
1013 594 1056 628 et
1084 586 1243 628 validis
1274 587 1501 628 moenibus
1532 602 1619 629 mu-

141 667 276 707 nitum
316 667 418 719 suit,
463 665 518 708 cf.
551 665 727 720 Ioseph.
756 666 901 721 Antiq.
938 666 1026 707 Iud.
1057 665 1212 707 XVIII.
1243 665 1294 717 9,
1336 665 1618 720 Hippareno—

140 759 235 786 rum
260 754 404 787 autem
443 759 594 787 muros
632 760 658 786 a
690 746 840 787 Persis
883 746 1050 785 dirutos
1093 758 1196 786 esse
1237 744 1415 799 Iosephi
1457 758 1619 800 aequa·

140 824 192 866 lis
230 825 395 867 Plinius
430 825 588 877 refert,
641 840 667 868 a
702 826 863 880 Dario,
911 832 956 866 ut
986 824 1180 874 videtur,
1234 823 1472 880 Hystaspis
1514 823 1617 875 filio,

140 904 212 958 qui
242 905 372 946 etiam
397 905 640 960 Babylonis
673 920 823 948 muros
855 905 1028 953 deiecit,
1060 903 1114 946 cf.
1130 903 1298 946 Herod.
1324 904 1393 945 lli.
1425 903 1504 944 159
1535 904 1616 958 (in-

139 984 326 1025 teriores
348 993 470 1039 puto,
501 999 630 1039 quum
651 984 795 1040 Cyrus
828 985 1075 1026 exteriores
1105 990 1272 1024 tantum
1306 983 1496 1025 diruisse
1525 991 1617 1024 tra-

140 1061 267 1103 datur
289 1076 314 1102 a
329 1062 502 1104 Beroso
523 1064 639 1118 apud
660 1063 835 1117 Ioseph.
856 1077 894 1104 c.
910 1063 1222 1117 Apion.1.‘20)‚
1256 1062 1453 1103 fortasse
1476 1062 1616 1116 Agra-

136 1141 223 1182 nim
259 1155 434 1197 quoque
467 1141 643 1193 delevit,
674 1142 730 1183 cf.
750 1145 786 1199 ἕ.
806 1143 895 1185 120.
943 1142 1114 1183 Deinde
1144 1141 1343 1196 Hippara
1373 1154 1459 1181 non
1478 1140 1615 1182 Grae-

136 1233 232 1262 cum
251 1221 331 1263 sed
350 1221 603 1264 Semiticum
625 1236 785 1264 nomen
816 1236 919 1264 esse
951 1221 1157 1274 arbitror,
1188 1234 1316 1275 quum
1336 1227 1378 1260 et
1393 1219 1615 1274 Borsippa

136 1306 180 1341 et
215 1300 257 1341 in
298 1300 454 1342 Africa
494 1300 640 1356 Hippo
682 1302 868 1343 eandem
908 1301 1105 1342 radicem
1144 1299 1317 1354 prodat.
1400 1298 1614 1339 Harduini

135 1379 417 1422 coniecturae
449 1382 590 1437 magis
620 1394 689 1423 me
728 1381 883 1423 favere
920 1380 1083 1423 fateor.
1144 1378 1346 1434 Namque
1377 1387 1420 1419 et
1451 1391 1612 1432 magna

134 1459 363 1514 utriusque
390 1460 577 1502 nominis
609 1468 679 1502 est
709 1461 943 1503 similitudo
975 1468 1017 1501 et
1038 1458 1345 1512 Borsippenos
1367 1456 1611 1499 Chaldaeo-

133 1552 228 1579 rum
266 1539 469 1580 doctrina
515 1539 781 1581 inclaruisse
824 1546 1012 1581 constat.
1088 1538 1333 1579 Praeterea
1370 1536 1610 1591 Borsippa,

133 1633 159 1660 a
190 1618 308 1674 Cyro
342 1618 564 1674 quondam
601 1619 830 1660 obsidione
863 1619 1028 1667 cincta,
1068 1617 1153 1657 iam
1185 1615 1430 1656 Alexandri
1461 1623 1609 1657 aetate

133 1698 346 1749 „deserta
364 1698 495 1739 olim“
528 1697 621 1748 fuit,
651 1697 704 1739 cf.
725 1698 874 1738 lustin.
891 1697 987 1738 XII.
1011 1695 1077 1746 13,
1107 1709 1133 1736 a
1154 1696 1304 1736 Persis
1335 1695 1510 1735 scilicet
1537 1695 1609 1736 de·

131 1776 235 1818 leta.
296 1777 523 1818 Postremo
555 1777 695 1817 ordini
726 1790 853 1832 quein
883 1777 924 1817 in
955 1775 1253 1817 describenda
1280 1774 1609 1828 Mesopotamia

135 1855 301 1896 Plinius
331 1856 552 1910 sequitur,
586 1855 718 1897 multo
751 1854 904 1895 melius
937 1853 1178 1908 respondet
1200 1852 1446 1906 Borsippae
1478 1865 1607 1907 quam

130 1934 458 1975 Naarmalchae
489 1935 660 1977 vicinia.
721 1934 944 1989 Coeperat
976 1935 1088 1978 enim
1118 1934 1153 1993 §
1174 1933 1266 1975 119.
1289 1947 1315 1974 a
1335 1933 1606 1988 Nicephorio

130 2013 400 2068 Euphratem
437 2013 613 2069 legere,
657 2013 775 2056 unde
806 2014 861 2054 ad
891 2013 1224 2055 Naarmalchan
1263 2021 1305 2055 et
1335 2011 1606 2068 Babylonem

131 2093 361 2134 descendit
392 2101 524 2149 atque
556 2101 657 2148 post
677 2093 962 2148 Hipparenos
984 2093 1222 2136 Orchenos
1253 2101 1295 2135 et
1323 2091 1409 2132 alia
1441 2091 1607 2146 oppida

131 2172 380 2215 Characem
413 2187 573 2214 versus
603 2182 844 2216 enumerat.
886 2174 1040 2228 Neque
1068 2172 1223 2214 fossae
1254 2173 1427 2221 desunt,
1448 2173 1605 2227 quibus

128 2252 380 2294 Naarsares
420 2266 518 2294 cum
561 2252 790 2307 Euphrate
834 2253 1211 2307 coniungebatur‚
1255 2266 1438 2306 quarum
1476 2265 1604 2293 unam

129 2331 371 2386 Hipparum
404 2330 544 2372 fuisse
576 2339 925 2372 consentaneum
958 2339 1089 2373 esset.
1133 2331 1342 2373 Attamen
1373 2331 1603 2386 quominus

128 2410 315 2465 pedibus
346 2410 388 2450 in
419 2409 632 2451 Harduini
668 2411 928 2451 sententiam
956 2419 1178 2451 transeam
1210 2410 1432 2451 nominum
1463 2411 1602 2451 diver-

130 2490 238 2529 sitas
270 2502 337 2529 me
368 2489 543 2529 retinet.
608 2490 748 2537 Quem
782 2491 893 2531 enim
925 2490 1217 2531 Pallacottam
1246 2489 1462 2530 Arrianus
1493 2489 1601 2543 Exp.

128 2568 257 2612 Alex.
280 2567 370 2610 Vll.
389 2567 463 2618 21,
496 2567 776 2611 Ptolemaeus
806 2569 1078 2611 Naarsarein
1108 2577 1264 2620 vocat,
1303 2568 1489 2609 eundem
1519 2568 1601 2608 Pli-

128 2649 225 2690 nius
256 2648 502 2702 Narragam
534 2647 870 2702 velNarrogam
903 2649 926 2690 i.
951 2662 986 2691 e.
1017 2648 1179 2690 flumen
1211 2648 1400 2689 scissum
1434 2647 1601 2688 dixisse

132 2727 349 2781 putandus
376 2736 521 2781 esset,
552 2729 726 2768 nomine
757 2741 868 2769 sane
899 2729 1149 2783 aptissimo,
1179 2727 1386 2783 quoniam
1417 2742 1465 2768 re
1494 2740 1602 2767 vera

130 2806 380 2860 Euphrates
409 2808 452 2849 in
481 2807 631 2850 fossas
659 2808 884 2849 scinditur.
