1914 3237
325 162 378 203 22
949 163 1080 207 Liber
1107 164 1183 207 ΙΙ.

439 285 573 326 Cuius
613 287 790 328 tandem
821 287 1099 331 Alexandri?
1135 302 1295 345 nempe
1325 289 1498 345 Magni,
1541 291 1613 345 qui
1649 297 1797 333 tamen

324 364 369 404 in
398 363 605 406 sensibus
638 366 838 420 proxime
880 368 1251 422 praecedentibus
1291 382 1378 410 non
1414 368 1683 419 nominatur,
1726 369 1799 410 ubi

326 442 380 483 ‹le
412 443 604 485 turribus
634 444 912 498 Hannibalis,
959 447 1013 489 de
1052 446 1246 502 speculis
1284 446 1491 488 Asiaticis
1531 460 1678 488 sermo
1718 454 1797 490 est.

324 520 408 562 Hic
432 522 618 576 primum
647 524 906 566 traiectione
926 524 1072 579 paullo
1091 526 1263 581 quidem
1282 525 1538 577 audaciore,
1569 526 1649 569 sed
1675 539 1795 580 pror-

323 613 401 641 sus
432 603 693 643 necessaria
724 604 932 645 utendum
964 605 1068 655 erit,
1106 618 1161 646 ex
1193 603 1423 658 archetypi
1454 602 1616 659 forma,
1655 611 1703 646 ut
1733 604 1799 645 di-

324 691 500 733 cemus,
551 681 829 735 explicanda.
921 682 1100 724 Scilicet
1139 697 1269 738 quum
1309 684 1348 737 §.
1382 681 1470 725 180.
1511 683 1565 724 de
1605 682 1798 724 Alexan-

325 757 404 799 dro
434 757 609 799 locutus
641 760 696 800 sit
731 760 911 811 Plinius,
942 761 1174 803 manifesto
1205 776 1317 817 quae
1347 762 1448 804 inde
1478 775 1504 803 a
1530 776 1570 803 v.
1588 761 1798 802 Eiusdem

321 849 462 891 usque
482 837 537 877 ad
561 837 812 877 comitantes
837 838 1042 893 leguntur
1057 841 1092 892 ἕ.
1110 840 1201 882 180.
1224 854 1339 895 pone
1355 854 1399 884 v·
1421 841 1622 880 exoriens
1651 847 1797 882 trans-

322 914 529 968 ponenda
550 922 665 958 sunt.
709 917 839 963 Quod
868 919 940 959 ubi
971 918 1135 960 factum
1158 920 1256 969 erit,
1285 932 1312 959 a
1334 918 1530 959 noctium
1559 924 1602 959 et
1632 918 1798 959 dierum

320 992 631 1047 inaequalitate
653 995 709 1035 ad
731 994 938 1037 horarum
957 997 1224 1039 differentias
1241 995 1382 1055 §.182
1403 997 1634 1038 commode
1653 991 1797 1039 trans-

320 1070 418 1113 itur.
456 1072 502 1113 In
524 1085 609 1126 quo
629 1075 852 1116 enuntiato
870 1082 917 1117 ut
934 1084 1009 1118 aut
1034 1076 1234 1117 trecentis
1265 1082 1340 1117 aut
1368 1075 1593 1137 quingenis
1623 1075 1798 1132 legatur

321 1150 534 1192 orationis
564 1153 843 1197 concinnitas
875 1154 1088 1210 postulat.

241 1270 294 1312 31
874 1256 970 1306 185
992 1278 1043 1300 =
1062 1256 1143 1317 73,
1160 1256 1241 1304 75.

389 1342 804 1406 Septentrionem,
836 1346 901 1394 ibi
939 1347 1202 1412 (Patalis)
1239 1345 1522 1394 Alexandro
1559 1352 1793 1406 morante,

387 1432 666 1482 adnotatum
695 1436 853 1499 prima
886 1444 1068 1485 tantum
1108 1443 1245 1502 parte
1280 1435 1437 1484 noctis
1475 1435 1677 1499 adspici.

432 1533 496 1574 Ita
527 1534 639 1575 male
671 1536 799 1576 etiam
830 1538 948 1590 apud
980 1537 1195 1592 Silligium
1228 1536 1564 1590 interpungitur‚
1594 1549 1724 1590 quum
1754 1549 1793 1576 v.

321 1608 380 1650 ibi
406 1615 667 1654 necessario
697 1615 752 1654 ad
785 1615 1040 1655 adnotatam
1071 1616 1234 1672 adspici
1263 1614 1501 1657 referenda
1530 1614 1598 1656 sit.
1638 1639 1648 1645 -

239 1730 294 1772 32
877 1717 971 1765 189
991 1741 1041 1760 z
1063 1717 1143 1778 78,
1164 1717 1245 1766 80.

389 1814 611 1880 Namque
643 1824 692 1864 et
716 1817 987 1882 Aethiopas
1018 1817 1161 1866 vicini
1198 1817 1375 1865 sideris
1406 1833 1587 1880 vapore
1615 1817 1794 1865 torreri

385 1905 672 1970 adustisque
710 1907 892 1955 similes
921 1907 1075 1972 gigni,
1111 1909 1258 1955 barba
1295 1914 1344 1956 et
1375 1907 1547 1971 capillo
1588 1907 1793 1968 vibrato,

384 2012 480 2044 non
510 2004 587 2044 est
625 1997 848 2058 dubium,
889 2006 938 2046 et
973 1998 1178 2046 adversa
1215 1998 1353 2063 plaga
1388 1997 1556 2045 mundi
1590 1997 1795 2045 candida

385 2092 529 2150 atquc
568 2087 757 2151 glaciali
803 2095 914 2136 cute
962 2105 1073 2136 esse
1108 2094 1304 2153 gentes,
1347 2088 1486 2137 ssavis
1526 2087 1792 2152 promissas

385 2176 626 2238 crinibus3
673 2184 840 2226 truces
886 2196 1000 2227 vero
1050 2186 1098 2227 et
1136 2178 1255 2227 caeli
1287 2179 1500 2243 rigorem
1537 2178 1650 2238 has,
1687 2178 1793 2225 illas

385 2267 739 2315 mobilitates
782 2269 1060 2317 habentes
1098 2269 1206 2333 ipso
1246 2286 1443 2317 crurum
1482 2275 1793 2332 argument03

383 2357 477 2404 illis
506 2357 555 2405 in
576 2374 757 2421 supera
777 2375 946 2407 sucum
975 2359 1197 2409 revocari
1218 2366 1390 2408 natura
1410 2358 1620 2424 vaporiS‚
1648 2357 1722 2405 his
1744 2357 1792 2405 in

382 2447 564 2495 inseras
591 2455 756 2512 partes
778 2449 958 2514 depelli
989 2450 1206 2498 humoris
1236 2450 1473 2512 deciduo3
1509 2448 1588 2497 hic
1617 2464 1791 2513 graves

383 2539 538 2599 seras,
586 2538 683 2587 illic
724 2539 882 2587 varlas
920 2541 1110 2605 efligies
1141 2540 1413 2589 animalium
1450 2540 1710 2606 provenire
1743 2547 1792 2588 et

384 2629 594 2677 maxime
633 2628 822 2690 alitum,
861 2629 918 2677 in
955 2632 1174 2680 multas
1212 2631 1446 2697 figuras
1490 2630 1653 2695 gigni
1691 2647 1788 2679 vo-

385 2720 608 2767 lucres.

428 2809 810 2864 Impeditissimum
840 2809 985 2852 locum
1010 2811 1069 2852 ita
1098 2825 1122 2853 c
1141 2811 1366 2853 codicibus
1385 2811 1566 2867 scripsit
1581 2810 1789 2867 Silligius‚
