<?xml version="1.0" encoding="UTF-8"?>
<!DOCTYPE html PUBLIC "-//W3C//DTD XHTML 1.0 Transitional//EN"
    "http://www.w3.org/TR/xhtml1/DTD/xhtml1-transitional.dtd">
<html xmlns="http://www.w3.org/1999/xhtml" xml:lang="en" lang="en">
 <head>
  <title>
</title>
<meta http-equiv="Content-Type" content="text/html;charset=utf-8" />
  <meta name='ocr-system' content='tesseract 3.04.00' />
  <meta name='ocr-capabilities' content='ocr_page ocr_carea ocr_par ocr_line ocrx_word'/>
</head>
<body>
  <div class='ocr_page' id='page_1' title='image "./vindiciaeplinian00urliuoft_0147.png"; bbox 0 0 1914 3237; ppageno 0'>
   <div class='ocr_carea' id='block_1_1' title="bbox 2 1251 8 2017">
    <p class='ocr_par' dir='ltr' id='par_1_1' title="bbox 2 1251 8 2017">
     <span class='ocr_line' id='line_1_1' title="bbox 2 1251 8 2017; baseline 0 0"><span class='ocrx_word' id='word_1_1' title='bbox 2 1251 8 2017; x_wconf 95' lang='lat' dir='ltr'> </span> 
     </span>
    </p>
   </div>
   <div class='ocr_carea' id='block_1_2' title="bbox 0 2071 3 2606">
    <p class='ocr_par' dir='ltr' id='par_1_2' title="bbox 0 2071 3 2606">
     <span class='ocr_line' id='line_1_2' title="bbox 0 2071 3 2606; baseline 0 0"><span class='ocrx_word' id='word_1_2' title='bbox 0 2071 3 2606; x_wconf 95' lang='lat' dir='ltr'> </span> 
     </span>
    </p>
   </div>
   <div class='ocr_carea' id='block_1_3' title="bbox 6 2171 12 2913">
    <p class='ocr_par' dir='ltr' id='par_1_3' title="bbox 6 2171 12 2913">
     <span class='ocr_line' id='line_1_3' title="bbox 6 2171 12 2913; baseline 0 0"><span class='ocrx_word' id='word_1_3' title='bbox 6 2171 12 2913; x_wconf 95' lang='lat' dir='ltr'> </span> 
     </span>
    </p>
   </div>
   <div class='ocr_carea' id='block_1_4' title="bbox 7 2171 14 3094">
    <p class='ocr_par' dir='ltr' id='par_1_4' title="bbox 7 2171 14 3094">
     <span class='ocr_line' id='line_1_4' title="bbox 7 2171 14 3094; baseline 0 0"><span class='ocrx_word' id='word_1_4' title='bbox 7 2171 14 3094; x_wconf 95' lang='lat' dir='ltr'> </span> 
     </span>
    </p>
   </div>
   <div class='ocr_carea' id='block_1_5' title="bbox 724 134 1619 184">
    <p class='ocr_par' dir='ltr' id='par_1_5' title="bbox 724 134 1619 184">
     <span class='ocr_line' id='line_1_5' title="bbox 724 134 1619 184; baseline 0 -1"><span class='ocrx_word' id='word_1_5' title='bbox 724 140 859 184; x_wconf 81' lang='lat' dir='ltr'>Liber</span> <span class='ocrx_word' id='word_1_6' title='bbox 889 140 1035 184; x_wconf 86' lang='lat' dir='ltr'><em>VIII.</em></span> <span class='ocrx_word' id='word_1_7' title='bbox 1538 134 1619 178; x_wconf 83' lang='lat'>143</span> 
     </span>
    </p>
   </div>
   <div class='ocr_carea' id='block_1_6' title="bbox 147 257 1619 473">
    <p class='ocr_par' dir='ltr' id='par_1_6' title="bbox 147 257 1619 473">
     <span class='ocr_line' id='line_1_6' title="bbox 147 257 1618 323; baseline -0.007 -15"><span class='ocrx_word' id='word_1_8' title='bbox 147 266 311 318; x_wconf 75' lang='lat' dir='ltr'>cauda,</span> <span class='ocrx_word' id='word_1_9' title='bbox 354 279 484 323; x_wconf 91' lang='lat' dir='ltr'>quum</span> <span class='ocrx_word' id='word_1_10' title='bbox 519 271 651 306; x_wconf 80' lang='lat' dir='ltr'>antea</span> <span class='ocrx_word' id='word_1_11' title='bbox 684 264 910 318; x_wconf 82' lang='lat' dir='ltr'>legeretur</span> <span class='ocrx_word' id='word_1_12' title='bbox 951 269 993 303; x_wconf 81' lang='lat' dir='ltr'>et</span> <span class='ocrx_word' id='word_1_13' title='bbox 1021 263 1080 303; x_wconf 75' lang='lat' dir='ltr'>ael</span> <span class='ocrx_word' id='word_1_14' title='bbox 1109 267 1239 317; x_wconf 82' lang='lat' dir='ltr'>caput</span> <span class='ocrx_word' id='word_1_15' title='bbox 1265 266 1308 301; x_wconf 79' lang='lat' dir='ltr'>et</span> <span class='ocrx_word' id='word_1_16' title='bbox 1335 260 1393 301; x_wconf 81' lang='lat' dir='ltr'>ad</span> <span class='ocrx_word' id='word_1_17' title='bbox 1419 257 1618 300; x_wconf 79' lang='lat' dir='ltr'>caudam.</span> 
     </span>
     <span class='ocr_line' id='line_1_7' title="bbox 147 339 1619 397; baseline -0.003 -12"><span class='ocrx_word' id='word_1_18' title='bbox 147 345 281 387; x_wconf 80' lang='lat' dir='ltr'>Falsa</span> <span class='ocrx_word' id='word_1_19' title='bbox 320 347 434 387; x_wconf 90' lang='lat' dir='ltr'>enim</span> <span class='ocrx_word' id='word_1_20' title='bbox 474 343 611 385; x_wconf 81' lang='lat' dir='ltr'><strong>refert</strong></span> <span class='ocrx_word' id='word_1_21' title='bbox 647 342 855 395; x_wconf 81' lang='lat' dir='ltr'>Silligius.</span> <span class='ocrx_word' id='word_1_22' title='bbox 920 341 1131 397; x_wconf 82' lang='lat' dir='ltr'><strong>Equidem</strong></span> <span class='ocrx_word' id='word_1_23' title='bbox 1168 341 1298 382; x_wconf 80' lang='lat' dir='ltr'>etiam</span> <span class='ocrx_word' id='word_1_24' title='bbox 1333 340 1447 381; x_wconf 80' lang='lat' dir='ltr'>haee</span> <span class='ocrx_word' id='word_1_25' title='bbox 1481 339 1619 380; x_wconf 83' lang='lat' dir='ltr'>verba</span> 
     </span>
     <span class='ocr_line' id='line_1_8' title="bbox 148 416 1619 473; baseline -0.005 -10"><span class='ocrx_word' id='word_1_26' title='bbox 148 422 227 463; x_wconf 82' lang='lat' dir='ltr'>hoc</span> <span class='ocrx_word' id='word_1_27' title='bbox 257 430 319 463; x_wconf 77' lang='lat' dir='ltr'>est</span> <span class='ocrx_word' id='word_1_28' title='bbox 348 429 389 463; x_wconf 82' lang='lat' dir='ltr'>et</span> <span class='ocrx_word' id='word_1_29' title='bbox 420 437 446 462; x_wconf 80' lang='lat' dir='ltr'><strong><em>a</em></strong></span> <span class='ocrx_word' id='word_1_30' title='bbox 471 419 614 460; x_wconf 81' lang='lat' dir='ltr'>cauda</span> <span class='ocrx_word' id='word_1_31' title='bbox 648 418 798 460; x_wconf 84' lang='lat' dir='ltr'>delere</span> <span class='ocrx_word' id='word_1_32' title='bbox 828 417 988 459; x_wconf 84' lang='lat' dir='ltr'>malim.</span> <span class='ocrx_word' id='word_1_33' title='bbox 1020 417 1142 473; x_wconf 54' lang='lat' dir='ltr'>§.Sti</span> <span class='ocrx_word' id='word_1_34' title='bbox 1174 417 1270 457; x_wconf 88' lang='lat' dir='ltr'>sine</span> <span class='ocrx_word' id='word_1_35' title='bbox 1289 417 1418 457; x_wconf 86' lang='lat' dir='ltr'>dubio</span> <span class='ocrx_word' id='word_1_36' title='bbox 1440 416 1619 469; x_wconf 81' lang='lat' dir='ltr'>vulgata</span> 
     </span>
    </p>
   </div>
   <div class='ocr_carea' id='block_1_7' title="bbox 145 495 1620 632">
    <p class='ocr_par' dir='ltr' id='par_1_7' title="bbox 145 495 1620 632">
     <span class='ocr_line' id='line_1_9' title="bbox 146 495 1620 556; baseline -0.004 -14"><span class='ocrx_word' id='word_1_37' title='bbox 146 502 370 556; x_wconf 80' lang='lat' dir='ltr'>scriptura</span> <span class='ocrx_word' id='word_1_38' title='bbox 398 500 508 539; x_wconf 78' lang='lat' dir='ltr'>ictus</span> <span class='ocrx_word' id='word_1_39' title='bbox 538 498 709 540; x_wconf 79' lang='lat' dir='ltr'>servari</span> <span class='ocrx_word' id='word_1_40' title='bbox 728 498 874 549; x_wconf 88' lang='lat' dir='ltr'>debet,</span> <span class='ocrx_word' id='word_1_41' title='bbox 904 511 1035 553; x_wconf 89' lang='lat' dir='ltr'>quum</span> <span class='ocrx_word' id='word_1_42' title='bbox 1053 495 1211 546; x_wconf 70' lang='lat' dir='ltr'>intullsll</span> <span class='ocrx_word' id='word_1_43' title='bbox 1236 495 1277 537; x_wconf 88' lang='lat' dir='ltr'>in</span> <span class='ocrx_word' id='word_1_44' title='bbox 1299 495 1341 536; x_wconf 88' lang='lat' dir='ltr'>R</span> <span class='ocrx_word' id='word_1_45' title='bbox 1359 509 1445 537; x_wconf 88' lang='lat' dir='ltr'>non</span> <span class='ocrx_word' id='word_1_46' title='bbox 1465 502 1620 537; x_wconf 83' lang='lat' dir='ltr'>careat</span> 
     </span>
     <span class='ocr_line' id='line_1_10' title="bbox 145 578 509 632; baseline -0.014 -11"><span class='ocrx_word' id='word_1_47' title='bbox 145 580 334 621; x_wconf 81' lang='lat' dir='ltr'>lacunae</span> <span class='ocrx_word' id='word_1_48' title='bbox 364 578 509 632; x_wconf 81' lang='lat' dir='ltr'>signo.</span> 
     </span>
    </p>
   </div>
   <div class='ocr_carea' id='block_1_8' title="bbox 211 676 1726 935">
    <p class='ocr_par' dir='ltr' id='par_1_8' title="bbox 211 676 1726 935">
     <span class='ocr_line' id='line_1_11' title="bbox 712 676 1726 738; baseline 0.003 -14"><span class='ocrx_word' id='word_1_49' title='bbox 712 676 778 725; x_wconf 83' lang='lat'>87</span> <span class='ocrx_word' id='word_1_50' title='bbox 799 701 842 718; x_wconf 84' lang='lat'><strong><em>=</em></strong></span> <span class='ocrx_word' id='word_1_51' title='bbox 865 677 943 738; x_wconf 75' lang='lat'>23,</span> <span class='ocrx_word' id='word_1_52' title='bbox 964 676 1043 725; x_wconf 86' lang='lat'>35.</span> <span class='ocrx_word' id='word_1_53' title='bbox 1644 686 1726 727; x_wconf 83' lang='lat'>179</span> 
     </span>
     <span class='ocr_line' id='line_1_12' title="bbox 211 775 1621 843; baseline -0.003 -16"><span class='ocrx_word' id='word_1_54' title='bbox 211 780 315 827; x_wconf 84' lang='lat' dir='ltr'>Iam</span> <span class='ocrx_word' id='word_1_55' title='bbox 353 778 543 843; x_wconf 83' lang='lat' dir='ltr'>pridem</span> <span class='ocrx_word' id='word_1_56' title='bbox 577 778 779 825; x_wconf 82' lang='lat' dir='ltr'>hebetes</span> <span class='ocrx_word' id='word_1_57' title='bbox 814 779 981 826; x_wconf 87' lang='lat' dir='ltr'>oculos</span> <span class='ocrx_word' id='word_1_58' title='bbox 1012 777 1127 825; x_wconf 89' lang='lat' dir='ltr'>huic</span> <span class='ocrx_word' id='word_1_59' title='bbox 1165 778 1288 824; x_wconf 84' lang='lat' dir='ltr'>malo</span> <span class='ocrx_word' id='word_1_60' title='bbox 1329 775 1621 842; x_wconf 77' lang='lat' dir='ltr'><em>(aspidibus</em></span> 
     </span>
     <span class='ocr_line' id='line_1_13' title="bbox 211 868 1619 935; baseline -0.001 -19"><span class='ocrx_word' id='word_1_61' title='bbox 211 872 435 935; x_wconf 75' lang='lat' dir='ltr'>natura)</span> <span class='ocrx_word' id='word_1_62' title='bbox 468 868 603 917; x_wconf 82' lang='lat' dir='ltr'>dedit</span> <span class='ocrx_word' id='word_1_63' title='bbox 635 886 862 933; x_wconf 89' lang='lat' dir='ltr'>eosque</span> <span class='ocrx_word' id='word_1_64' title='bbox 892 885 988 917; x_wconf 90' lang='lat' dir='ltr'>non</span> <span class='ocrx_word' id='word_1_65' title='bbox 1018 869 1066 916; x_wconf 91' lang='lat' dir='ltr'>in</span> <span class='ocrx_word' id='word_1_66' title='bbox 1087 869 1246 917; x_wconf 82' lang='lat' dir='ltr'>fronte</span> <span class='ocrx_word' id='word_1_67' title='bbox 1278 868 1484 918; x_wconf 67' lang='lat' dir='ltr'>adverso</span> <span class='ocrx_word' id='word_1_68' title='bbox 1516 884 1619 915; x_wconf 88' lang='lat' dir='ltr'>cer-</span> 
     </span>
    </p>
   </div>
   <div class='ocr_carea' id='block_1_9' title="bbox 212 957 1621 1024">
    <p class='ocr_par' dir='ltr' id='par_1_9' title="bbox 212 957 1621 1024">
     <span class='ocr_line' id='line_1_14' title="bbox 212 957 1621 1024; baseline -0.001 -16"><span class='ocrx_word' id='word_1_69' title='bbox 212 968 380 1008; x_wconf 87' lang='lat' dir='ltr'>neret</span> <span class='ocrx_word' id='word_1_70' title='bbox 424 960 513 1007; x_wconf 90' lang='lat' dir='ltr'>sed</span> <span class='ocrx_word' id='word_1_71' title='bbox 557 959 608 1007; x_wconf 89' lang='lat' dir='ltr'>in</span> <span class='ocrx_word' id='word_1_72' title='bbox 652 960 983 1024; x_wconf 80' lang='lat' dir='ltr'>temporibus3</span> <span class='ocrx_word' id='word_1_73' title='bbox 1037 989 1106 997; x_wconf 92' lang='lat'>—</span> <span class='ocrx_word' id='word_1_74' title='bbox 1162 959 1327 1024; x_wconf 86' lang='lat' dir='ltr'>itaque</span> <span class='ocrx_word' id='word_1_75' title='bbox 1378 957 1621 1007; x_wconf 84' lang='lat' dir='ltr'>excitatur</span> 
     </span>
    </p>
   </div>
   <div class='ocr_carea' id='block_1_10' title="bbox 142 1049 1622 2149">
    <p class='ocr_par' dir='ltr' id='par_1_10' title="bbox 142 1049 1622 2149">
     <span class='ocr_line' id='line_1_15' title="bbox 212 1049 1038 1114; baseline -0.001 -17"><span class='ocrx_word' id='word_1_76' title='bbox 212 1050 363 1114; x_wconf 87' lang='lat' dir='ltr'>pede</span> <span class='ocrx_word' id='word_1_77' title='bbox 401 1049 599 1113; x_wconf 82' lang='lat' dir='ltr'>saepius</span> <span class='ocrx_word' id='word_1_78' title='bbox 637 1066 779 1114; x_wconf 83' lang='lat' dir='ltr'>quam</span> <span class='ocrx_word' id='word_1_79' title='bbox 815 1050 922 1099; x_wconf 88' lang='lat' dir='ltr'>visu</span> <span class='ocrx_word' id='word_1_80' title='bbox 958 1056 1038 1097; x_wconf 86' lang='lat' dir='ltr'>rel.</span> 
     </span>
     <span class='ocr_line' id='line_1_16' title="bbox 257 1139 1620 1196; baseline 0.001 -16"><span class='ocrx_word' id='word_1_81' title='bbox 257 1146 452 1180; x_wconf 76' lang='lat' dir='ltr'>cerneret</span> <span class='ocrx_word' id='word_1_82' title='bbox 476 1139 516 1179; x_wconf 84' lang='lat' dir='ltr'>R</span> <span class='ocrx_word' id='word_1_83' title='bbox 539 1148 582 1180; x_wconf 89' lang='lat' dir='ltr'>et</span> <span class='ocrx_word' id='word_1_84' title='bbox 604 1140 733 1181; x_wconf 86' lang='lat' dir='ltr'>codd.</span> <span class='ocrx_word' id='word_1_85' title='bbox 758 1140 945 1182; x_wconf 81' lang='lat' dir='ltr'>Salmas.</span> <span class='ocrx_word' id='word_1_86' title='bbox 970 1156 1010 1196; x_wconf 90' lang='lat' dir='ltr'>p.</span> <span class='ocrx_word' id='word_1_87' title='bbox 1032 1141 1135 1195; x_wconf 79' lang='lat'><strong>344,</strong></span> <span class='ocrx_word' id='word_1_88' title='bbox 1175 1142 1292 1183; x_wconf 90' lang='lat' dir='ltr'>unde</span> <span class='ocrx_word' id='word_1_89' title='bbox 1323 1141 1512 1196; x_wconf 83' lang='lat' dir='ltr'>repetito</span> <span class='ocrx_word' id='word_1_90' title='bbox 1543 1154 1620 1181; x_wconf 89' lang='lat' dir='ltr'>vo-</span> 
     </span>
     <span class='ocr_line' id='line_1_17' title="bbox 144 1217 1399 1279; baseline 0.002 -21"><span class='ocrx_word' id='word_1_91' title='bbox 144 1217 302 1259; x_wconf 82' lang='lat' dir='ltr'>cabulo</span> <span class='ocrx_word' id='word_1_92' title='bbox 333 1232 415 1278; x_wconf 83' lang='lat' dir='ltr'>que</span> <span class='ocrx_word' id='word_1_93' title='bbox 443 1217 511 1259; x_wconf 83' lang='lat' dir='ltr'>ve!</span> <span class='ocrx_word' id='word_1_94' title='bbox 543 1218 619 1279; x_wconf 81' lang='lat' dir='ltr'>qui</span> <span class='ocrx_word' id='word_1_95' title='bbox 647 1219 862 1272; x_wconf 82' lang='lat' dir='ltr'>probabili</span> <span class='ocrx_word' id='word_1_96' title='bbox 894 1219 1155 1260; x_wconf 82' lang='lat' dir='ltr'>coniectura</span> <span class='ocrx_word' id='word_1_97' title='bbox 1186 1218 1399 1260; x_wconf 81' lang='lat' dir='ltr'>efficitur:</span> 
     </span>
     <span class='ocr_line' id='line_1_18' title="bbox 299 1295 1463 1358; baseline 0.002 -21"><span class='ocrx_word' id='word_1_98' title='bbox 299 1312 452 1358; x_wconf 81' lang='lat' dir='ltr'>eosque</span> <span class='ocrx_word' id='word_1_99' title='bbox 482 1298 572 1358; x_wconf 83' lang='lat' dir='ltr'>qui</span> <span class='ocrx_word' id='word_1_100' title='bbox 598 1313 686 1338; x_wconf 78' lang='lat' dir='ltr'>non</span> <span class='ocrx_word' id='word_1_101' title='bbox 715 1298 762 1338; x_wconf 83' lang='lat' dir='ltr'>in</span> <span class='ocrx_word' id='word_1_102' title='bbox 787 1295 932 1353; x_wconf 77' lang='lat' dir='ltr'>fronte</span> <span class='ocrx_word' id='word_1_103' title='bbox 962 1298 1143 1339; x_wconf 77' lang='lat' dir='ltr'>adverso</span> <span class='ocrx_word' id='word_1_104' title='bbox 1174 1303 1463 1339; x_wconf 81' lang='lat' dir='ltr'>cernerent.</span> 
     </span>
     <span class='ocr_line' id='line_1_19' title="bbox 258 1376 1619 1432; baseline 0.001 -16"><span class='ocrx_word' id='word_1_105' title='bbox 258 1377 302 1417; x_wconf 87' lang='lat' dir='ltr'>ln</span> <span class='ocrx_word' id='word_1_106' title='bbox 336 1376 421 1417; x_wconf 87' lang='lat' dir='ltr'>fine</span> <span class='ocrx_word' id='word_1_107' title='bbox 458 1377 616 1418; x_wconf 84' lang='lat' dir='ltr'>deinde</span> <span class='ocrx_word' id='word_1_108' title='bbox 649 1377 782 1421; x_wconf 70' lang='lat' dir='ltr'>codd,</span> <span class='ocrx_word' id='word_1_109' title='bbox 815 1378 977 1432; x_wconf 83' lang='lat' dir='ltr'>Salm.,</span> <span class='ocrx_word' id='word_1_110' title='bbox 1016 1378 1187 1420; x_wconf 75' lang='lat' dir='ltr'>ROde·</span> <span class='ocrx_word' id='word_1_111' title='bbox 1218 1385 1260 1420; x_wconf 91' lang='lat' dir='ltr'>et</span> <span class='ocrx_word' id='word_1_112' title='bbox 1291 1378 1479 1420; x_wconf 83' lang='lat' dir='ltr'>Parisini</span> <span class='ocrx_word' id='word_1_113' title='bbox 1509 1377 1619 1419; x_wconf 85' lang='lat' dir='ltr'>Har-</span> 
     </span>
     <span class='ocr_line' id='line_1_20' title="bbox 148 1456 1620 1514; baseline 0.001 -18"><span class='ocrx_word' id='word_1_114' title='bbox 148 1457 264 1498; x_wconf 88' lang='lat' dir='ltr'>duini</span> <span class='ocrx_word' id='word_1_115' title='bbox 293 1456 369 1497; x_wconf 83' lang='lat' dir='ltr'>sed</span> <span class='ocrx_word' id='word_1_116' title='bbox 393 1457 576 1512; x_wconf 80' lang='lat' dir='ltr'>saepius,</span> <span class='ocrx_word' id='word_1_117' title='bbox 603 1456 679 1496; x_wconf 83' lang='lat' dir='ltr'>sed</span> <span class='ocrx_word' id='word_1_118' title='bbox 707 1471 833 1513; x_wconf 81' lang='lat' dir='ltr'>saepe</span> <span class='ocrx_word' id='word_1_119' title='bbox 864 1458 931 1498; x_wconf 83' lang='lat' dir='ltr'>ius</span> <span class='ocrx_word' id='word_1_120' title='bbox 959 1457 1121 1514; x_wconf 81' lang='lat' dir='ltr'>Rigalt.</span> <span class='ocrx_word' id='word_1_121' title='bbox 1144 1472 1215 1512; x_wconf 83' lang='lat' dir='ltr'>ap.</span> <span class='ocrx_word' id='word_1_122' title='bbox 1237 1457 1391 1511; x_wconf 83' lang='lat' dir='ltr'>Salm.‚</span> <span class='ocrx_word' id='word_1_123' title='bbox 1418 1457 1494 1498; x_wconf 72' lang='lat' dir='ltr'>secl</span> <span class='ocrx_word' id='word_1_124' title='bbox 1523 1472 1620 1497; x_wconf 83' lang='lat' dir='ltr'>sae-</span> 
     </span>
     <span class='ocr_line' id='line_1_21' title="bbox 142 1535 1619 1593; baseline 0.002 -18"><span class='ocrx_word' id='word_1_125' title='bbox 142 1536 295 1591; x_wconf 79' lang='lat' dir='ltr'>pedius</span> <span class='ocrx_word' id='word_1_126' title='bbox 325 1535 436 1589; x_wconf 81' lang='lat' dir='ltr'>Reg.</span> <span class='ocrx_word' id='word_1_127' title='bbox 475 1535 500 1577; x_wconf 86' lang='lat' dir='ltr'>i.</span> <span class='ocrx_word' id='word_1_128' title='bbox 541 1535 699 1587; x_wconf 83' lang='lat' dir='ltr'>Hard.,</span> <span class='ocrx_word' id='word_1_129' title='bbox 741 1537 817 1576; x_wconf 82' lang='lat' dir='ltr'>sed</span> <span class='ocrx_word' id='word_1_130' title='bbox 853 1539 1024 1593; x_wconf 82' lang='lat' dir='ltr'>saepius</span> <span class='ocrx_word' id='word_1_131' title='bbox 1060 1538 1214 1578; x_wconf 78' lang='lat' dir='ltr'>auditu</span> <span class='ocrx_word' id='word_1_132' title='bbox 1251 1538 1384 1588; x_wconf 59' lang='lat' dir='ltr'>Rob„</span> <span class='ocrx_word' id='word_1_133' title='bbox 1429 1552 1619 1592; x_wconf 84' lang='lat' dir='ltr'>quocum</span> 
     </span>
     <span class='ocr_line' id='line_1_22' title="bbox 145 1614 1620 1673; baseline -0.001 -16"><span class='ocrx_word' id='word_1_134' title='bbox 145 1616 365 1657; x_wconf 83' lang='lat' dir='ltr'>consentit</span> <span class='ocrx_word' id='word_1_135' title='bbox 384 1614 559 1657; x_wconf 85' lang='lat' dir='ltr'>Solinus</span> <span class='ocrx_word' id='word_1_136' title='bbox 581 1616 699 1658; x_wconf 88' lang='lat' dir='ltr'>c.51.</span> <span class='ocrx_word' id='word_1_137' title='bbox 728 1617 872 1670; x_wconf 85' lang='lat' dir='ltr'>„adeo</span> <span class='ocrx_word' id='word_1_138' title='bbox 907 1624 953 1658; x_wconf 88' lang='lat' dir='ltr'>ut</span> <span class='ocrx_word' id='word_1_139' title='bbox 984 1618 1112 1659; x_wconf 85' lang='lat' dir='ltr'>citius</span> <span class='ocrx_word' id='word_1_140' title='bbox 1139 1617 1321 1658; x_wconf 81' lang='lat' dir='ltr'>audiant</span> <span class='ocrx_word' id='word_1_141' title='bbox 1344 1630 1473 1673; x_wconf 80' lang='lat' dir='ltr'>quam</span> <span class='ocrx_word' id='word_1_142' title='bbox 1505 1617 1620 1671; x_wconf 85' lang='lat' dir='ltr'>aspi-</span> 
     </span>
     <span class='ocr_line' id='line_1_23' title="bbox 146 1694 1621 1753; baseline 0.002 -19"><span class='ocrx_word' id='word_1_143' title='bbox 146 1695 296 1734; x_wconf 76' lang='lat' dir='ltr'>ciant“</span> <span class='ocrx_word' id='word_1_144' title='bbox 313 1700 354 1734; x_wconf 89' lang='lat' dir='ltr'>et</span> <span class='ocrx_word' id='word_1_145' title='bbox 366 1694 593 1735; x_wconf 78' lang='lat' dir='ltr'>Nicander</span> <span class='ocrx_word' id='word_1_146' title='bbox 608 1694 810 1737; x_wconf 79' lang='lat' dir='ltr'>Theriac.</span> <span class='ocrx_word' id='word_1_147' title='bbox 827 1710 866 1737; x_wconf 91' lang='lat' dir='ltr'>v.</span> <span class='ocrx_word' id='word_1_148' title='bbox 884 1696 967 1737; x_wconf 88' lang='grc'>160</span> <span class='ocrx_word' id='word_1_149' title='bbox 977 1711 1071 1753; x_wconf 89' lang='lat' dir='ltr'><strong>sqq.</strong></span> <span class='ocrx_word' id='word_1_150' title='bbox 1100 1697 1247 1752; x_wconf 86' lang='lat' dir='ltr'>Atque</span> <span class='ocrx_word' id='word_1_151' title='bbox 1264 1698 1393 1739; x_wconf 87' lang='lat' dir='ltr'>etiam</span> <span class='ocrx_word' id='word_1_152' title='bbox 1412 1699 1452 1738; x_wconf 93' lang='lat' dir='ltr'>in</span> <span class='ocrx_word' id='word_1_153' title='bbox 1470 1706 1502 1739; x_wconf 88' lang='grc' dir='ltr'>Θ</span> <span class='ocrx_word' id='word_1_154' title='bbox 1517 1704 1621 1752; x_wconf 88' lang='lat' dir='ltr'>post</span> 
     </span>
     <span class='ocr_line' id='line_1_24' title="bbox 146 1771 1622 1831; baseline 0.004 -19"><span class='ocrx_word' id='word_1_155' title='bbox 146 1772 316 1828; x_wconf 79' lang='lat' dir='ltr'>saepius</span> <span class='ocrx_word' id='word_1_156' title='bbox 357 1771 516 1826; x_wconf 82' lang='lat' dir='ltr'>aliquid</span> <span class='ocrx_word' id='word_1_157' title='bbox 555 1772 715 1814; x_wconf 88' lang='lat' dir='ltr'>deesse</span> <span class='ocrx_word' id='word_1_158' title='bbox 756 1774 899 1828; x_wconf 85' lang='lat' dir='ltr'>spatio</span> <span class='ocrx_word' id='word_1_159' title='bbox 936 1775 978 1815; x_wconf 88' lang='lat' dir='ltr'>in</span> <span class='ocrx_word' id='word_1_160' title='bbox 1020 1776 1218 1831; x_wconf 79' lang='lat' dir='ltr'>margine</span> <span class='ocrx_word' id='word_1_161' title='bbox 1255 1776 1445 1831; x_wconf 82' lang='lat' dir='ltr'>exempli</span> <span class='ocrx_word' id='word_1_162' title='bbox 1481 1776 1622 1829; x_wconf 82' lang='lat' dir='ltr'>Lugd.</span> 
     </span>
     <span class='ocr_line' id='line_1_25' title="bbox 147 1850 1622 1907; baseline 0.003 -16"><span class='ocrx_word' id='word_1_163' title='bbox 147 1864 293 1891; x_wconf 79' lang='lat' dir='ltr'>vacuo</span> <span class='ocrx_word' id='word_1_164' title='bbox 327 1850 500 1890; x_wconf 81' lang='lat' dir='ltr'>videtur</span> <span class='ocrx_word' id='word_1_165' title='bbox 531 1850 727 1894; x_wconf 82' lang='lat' dir='ltr'>indicari.</span> <span class='ocrx_word' id='word_1_166' title='bbox 792 1851 942 1907; x_wconf 84' lang='lat' dir='ltr'>Itaque</span> <span class='ocrx_word' id='word_1_167' title='bbox 981 1860 1106 1894; x_wconf 85' lang='lat' dir='ltr'>reete</span> <span class='ocrx_word' id='word_1_168' title='bbox 1134 1853 1252 1894; x_wconf 82' lang='lat' dir='ltr'>haud</span> <span class='ocrx_word' id='word_1_169' title='bbox 1289 1855 1419 1896; x_wconf 88' lang='lat' dir='ltr'>dubie</span> <span class='ocrx_word' id='word_1_170' title='bbox 1449 1854 1622 1896; x_wconf 84' lang='lat' dir='ltr'>Salma-</span> 
     </span>
     <span class='ocr_line' id='line_1_26' title="bbox 149 1929 1619 1989; baseline 0.001 -16"><span class='ocrx_word' id='word_1_171' title='bbox 149 1932 242 1973; x_wconf 84' lang='lat' dir='ltr'>sius</span> <span class='ocrx_word' id='word_1_172' title='bbox 264 1944 303 1971; x_wconf 64' lang='grc' dir='ltr'>ι’.</span> <span class='ocrx_word' id='word_1_173' title='bbox 335 1929 490 1969; x_wconf 79' lang='lat' dir='ltr'>auditu</span> <span class='ocrx_word' id='word_1_174' title='bbox 512 1930 796 1972; x_wconf 82' lang='lat' dir='ltr'>inserendum</span> <span class='ocrx_word' id='word_1_175' title='bbox 818 1945 921 1973; x_wconf 86' lang='lat' dir='ltr'>esse</span> <span class='ocrx_word' id='word_1_176' title='bbox 942 1933 1062 1984; x_wconf 80' lang='lat' dir='ltr'>vidit,</span> <span class='ocrx_word' id='word_1_177' title='bbox 1094 1933 1265 1989; x_wconf 82' lang='lat' dir='ltr'>reliqua</span> <span class='ocrx_word' id='word_1_178' title='bbox 1293 1933 1504 1975; x_wconf 80' lang='lat' dir='ltr'>immerito</span> <span class='ocrx_word' id='word_1_179' title='bbox 1532 1948 1619 1974; x_wconf 90' lang='lat' dir='ltr'>mu-</span> 
     </span>
     <span class='ocr_line' id='line_1_27' title="bbox 149 2008 1621 2069; baseline 0.004 -19"><span class='ocrx_word' id='word_1_180' title='bbox 149 2010 270 2050; x_wconf 84' lang='lat' dir='ltr'>tavit.</span> <span class='ocrx_word' id='word_1_181' title='bbox 328 2009 528 2064; x_wconf 84' lang='lat' dir='ltr'>Namque</span> <span class='ocrx_word' id='word_1_182' title='bbox 566 2008 751 2051; x_wconf 83' lang='lat' dir='ltr'>alterum</span> <span class='ocrx_word' id='word_1_183' title='bbox 789 2011 866 2052; x_wconf 81' lang='lat' dir='ltr'>sed</span> <span class='ocrx_word' id='word_1_184' title='bbox 906 2026 931 2054; x_wconf 93' lang='lat' dir='ltr'>e</span> <span class='ocrx_word' id='word_1_185' title='bbox 975 2026 1109 2054; x_wconf 81' lang='lat' dir='ltr'>versu</span> <span class='ocrx_word' id='word_1_186' title='bbox 1149 2014 1351 2067; x_wconf 80' lang='lat' dir='ltr'>proximo</span> <span class='ocrx_word' id='word_1_187' title='bbox 1387 2015 1621 2069; x_wconf 79' lang='lat' dir='ltr'>superiore</span> 
     </span>
     <span class='ocr_line' id='line_1_28' title="bbox 150 2088 1489 2149; baseline 0.003 -19"><span class='ocrx_word' id='word_1_188' title='bbox 150 2088 261 2131; x_wconf 84' lang='lat' dir='ltr'>male</span> <span class='ocrx_word' id='word_1_189' title='bbox 291 2089 522 2143; x_wconf 81' lang='lat' dir='ltr'>repetitum</span> <span class='ocrx_word' id='word_1_190' title='bbox 557 2103 661 2131; x_wconf 89' lang='lat' dir='ltr'>esse</span> <span class='ocrx_word' id='word_1_191' title='bbox 692 2099 892 2146; x_wconf 78' lang='lat' dir='ltr'>apparet.</span> <span class='ocrx_word' id='word_1_192' title='bbox 950 2092 1209 2147; x_wconf 86' lang='lat' dir='ltr'>Legendum</span> <span class='ocrx_word' id='word_1_193' title='bbox 1241 2103 1309 2134; x_wconf 87' lang='lat' dir='ltr'>est</span> <span class='ocrx_word' id='word_1_194' title='bbox 1338 2094 1489 2149; x_wconf 81' lang='lat' dir='ltr'>igitur:</span> 
     </span>
    </p>
   </div>
   <div class='ocr_carea' id='block_1_11' title="bbox 315 2167 1423 2231">
    <p class='ocr_par' dir='ltr' id='par_1_11' title="bbox 315 2167 1423 2231">
     <span class='ocr_line' id='line_1_29' title="bbox 315 2167 1423 2231; baseline 0.005 -24"><span class='ocrx_word' id='word_1_195' title='bbox 315 2167 459 2229; x_wconf 78' lang='lat' dir='ltr'>itaque</span> <span class='ocrx_word' id='word_1_196' title='bbox 490 2168 710 2209; x_wconf 80' lang='lat' dir='ltr'>excitatur</span> <span class='ocrx_word' id='word_1_197' title='bbox 740 2170 911 2225; x_wconf 82' lang='lat' dir='ltr'>saepius</span> <span class='ocrx_word' id='word_1_198' title='bbox 940 2170 1126 2210; x_wconf 79' lang='lat' dir='ltr'>auditu</span> <span class='ocrx_word' id='word_1_199' title='bbox 1155 2185 1285 2231; x_wconf 80' lang='lat' dir='ltr'>quam</span> <span class='ocrx_word' id='word_1_200' title='bbox 1314 2171 1423 2213; x_wconf 78' lang='lat' dir='ltr'>visu.</span> 
     </span>
    </p>
   </div>
   <div class='ocr_carea' id='block_1_12' title="bbox 715 2269 1728 2337">
    <p class='ocr_par' dir='ltr' id='par_1_12' title="bbox 715 2269 1728 2337">
     <span class='ocr_line' id='line_1_30' title="bbox 715 2269 1728 2337; baseline 0.001 -21"><span class='ocrx_word' id='word_1_201' title='bbox 715 2269 781 2316; x_wconf 85' lang='lat'>97</span> <span class='ocrx_word' id='word_1_202' title='bbox 801 2293 852 2313; x_wconf 88' lang='lat'>=</span> <span class='ocrx_word' id='word_1_203' title='bbox 873 2270 952 2331; x_wconf 82' lang='lat'>27,</span> <span class='ocrx_word' id='word_1_204' title='bbox 975 2269 1055 2318; x_wconf 80' lang='grc'>41.</span> <span class='ocrx_word' id='word_1_205' title='bbox 1648 2294 1728 2337; x_wconf 67' lang='lat'>,30</span> 
     </span>
    </p>
   </div>
   <div class='ocr_carea' id='block_1_13' title="bbox 216 2368 1623 2508">
    <p class='ocr_par' dir='ltr' id='par_1_13' title="bbox 216 2368 1623 2508">
     <span class='ocr_line' id='line_1_31' title="bbox 216 2368 1623 2443; baseline 0.006 -27"><span class='ocrx_word' id='word_1_206' title='bbox 216 2368 323 2417; x_wconf 88' lang='lat' dir='ltr'>Nec</span> <span class='ocrx_word' id='word_1_207' title='bbox 351 2369 473 2416; x_wconf 82' lang='lat' dir='ltr'>haec</span> <span class='ocrx_word' id='word_1_208' title='bbox 504 2370 607 2417; x_wconf 85' lang='lat' dir='ltr'>sola</span> <span class='ocrx_word' id='word_1_209' title='bbox 635 2369 798 2418; x_wconf 88' lang='lat' dir='ltr'>multis</span> <span class='ocrx_word' id='word_1_210' title='bbox 828 2370 1112 2443; x_wconf 82' lang='lat' dir='ltr'>animalibus</span> <span class='ocrx_word' id='word_1_211' title='bbox 1137 2381 1337 2438; x_wconf 84' lang='lat' dir='ltr'>reperta</span> <span class='ocrx_word' id='word_1_212' title='bbox 1365 2382 1478 2424; x_wconf 87' lang='lat' dir='ltr'>sunt</span> <span class='ocrx_word' id='word_1_213' title='bbox 1512 2375 1623 2424; x_wconf 87' lang='lat' dir='ltr'>usui</span> 
     </span>
     <span class='ocr_line' id='line_1_32' title="bbox 219 2459 698 2508; baseline 0.004 -2"><span class='ocrx_word' id='word_1_214' title='bbox 219 2459 383 2507; x_wconf 85' lang='lat' dir='ltr'>futura</span> <span class='ocrx_word' id='word_1_215' title='bbox 417 2467 466 2507; x_wconf 87' lang='lat' dir='ltr'>et</span> <span class='ocrx_word' id='word_1_216' title='bbox 501 2460 698 2508; x_wconf 89' lang='lat' dir='ltr'>homini.</span> 
     </span>
    </p>
   </div>
   <div class='ocr_carea' id='block_1_14' title="bbox 150 2548 1624 2849">
    <p class='ocr_par' dir='ltr' id='par_1_14' title="bbox 150 2548 1624 2849">
     <span class='ocr_line' id='line_1_33' title="bbox 263 2548 1623 2610; baseline 0.007 -21"><span class='ocrx_word' id='word_1_217' title='bbox 263 2548 517 2603; x_wconf 81' lang='lat' dir='ltr'>Legebatur</span> <span class='ocrx_word' id='word_1_218' title='bbox 540 2558 641 2591; x_wconf 88' lang='lat' dir='ltr'>ante</span> <span class='ocrx_word' id='word_1_219' title='bbox 657 2550 929 2593; x_wconf 80' lang='lat' dir='ltr'>Harduinum</span> <span class='ocrx_word' id='word_1_220' title='bbox 946 2567 973 2591; x_wconf 89' lang='lat' dir='ltr'><strong><em>a</em></strong></span> <span class='ocrx_word' id='word_1_221' title='bbox 989 2552 1148 2608; x_wconf 82' lang='lat' dir='ltr'>multis,</span> <span class='ocrx_word' id='word_1_222' title='bbox 1165 2554 1311 2610; x_wconf 89' lang='lat' dir='ltr'>inepte</span> <span class='ocrx_word' id='word_1_223' title='bbox 1331 2569 1451 2598; x_wconf 83' lang='lat' dir='ltr'>sane.</span> <span class='ocrx_word' id='word_1_224' title='bbox 1494 2558 1623 2605; x_wconf 85' lang='lat' dir='ltr'>Quod</span> 
     </span>
     <span class='ocr_line' id='line_1_34' title="bbox 151 2628 1624 2690; baseline 0.007 -22"><span class='ocrx_word' id='word_1_225' title='bbox 151 2629 206 2669; x_wconf 83' lang='lat' dir='ltr'>ab</span> <span class='ocrx_word' id='word_1_226' title='bbox 238 2628 464 2670; x_wconf 81' lang='lat' dir='ltr'>l-larduino</span> <span class='ocrx_word' id='word_1_227' title='bbox 497 2637 724 2684; x_wconf 89' lang='lat' dir='ltr'>receptum</span> <span class='ocrx_word' id='word_1_228' title='bbox 754 2638 819 2672; x_wconf 90' lang='lat' dir='ltr'>est</span> <span class='ocrx_word' id='word_1_229' title='bbox 848 2646 874 2670; x_wconf 86' lang='lat' dir='ltr'><strong><em>a</em></strong></span> <span class='ocrx_word' id='word_1_230' title='bbox 900 2632 1066 2683; x_wconf 81' lang='lat' dir='ltr'>multis,</span> <span class='ocrx_word' id='word_1_231' title='bbox 1097 2640 1219 2676; x_wconf 86' lang='lat' dir='ltr'>recte</span> <span class='ocrx_word' id='word_1_232' title='bbox 1249 2635 1513 2690; x_wconf 81' lang='lat' dir='ltr'>vituperavit</span> <span class='ocrx_word' id='word_1_233' title='bbox 1542 2637 1624 2679; x_wconf 90' lang='lat' dir='ltr'>Sil-</span> 
     </span>
     <span class='ocr_line' id='line_1_35' title="bbox 151 2706 1624 2762; baseline 0.007 -15"><span class='ocrx_word' id='word_1_234' title='bbox 151 2706 296 2762; x_wconf 78' lang='lat' dir='ltr'>ligius,</span> <span class='ocrx_word' id='word_1_235' title='bbox 326 2709 592 2751; x_wconf 84' lang='lat' dir='ltr'>sententiam</span> <span class='ocrx_word' id='word_1_236' title='bbox 630 2708 717 2750; x_wconf 89' lang='lat' dir='ltr'>loci</span> <span class='ocrx_word' id='word_1_237' title='bbox 751 2709 867 2751; x_wconf 88' lang='lat' dir='ltr'>bene</span> <span class='ocrx_word' id='word_1_238' title='bbox 905 2718 1155 2755; x_wconf 85' lang='lat' dir='ltr'>assecutus.</span> <span class='ocrx_word' id='word_1_239' title='bbox 1218 2712 1330 2755; x_wconf 82' lang='lat' dir='ltr'>Nam</span> <span class='ocrx_word' id='word_1_240' title='bbox 1362 2714 1500 2755; x_wconf 80' lang='lat' dir='ltr'>multa</span> <span class='ocrx_word' id='word_1_241' title='bbox 1532 2716 1624 2757; x_wconf 85' lang='lat' dir='ltr'>ani-</span> 
     </span>
     <span class='ocr_line' id='line_1_36' title="bbox 150 2785 1624 2849; baseline 0.007 -23"><span class='ocrx_word' id='word_1_242' title='bbox 150 2785 282 2828; x_wconf 85' lang='lat' dir='ltr'>malia</span> <span class='ocrx_word' id='word_1_243' title='bbox 320 2786 435 2830; x_wconf 81' lang='lat' dir='ltr'>haec</span> <span class='ocrx_word' id='word_1_244' title='bbox 471 2785 569 2830; x_wconf 86' lang='lat' dir='ltr'>sola</span> <span class='ocrx_word' id='word_1_245' title='bbox 611 2800 726 2843; x_wconf 86' lang='lat' dir='ltr'>quae</span> <span class='ocrx_word' id='word_1_246' title='bbox 755 2787 885 2831; x_wconf 90' lang='lat' dir='ltr'>modo</span> <span class='ocrx_word' id='word_1_247' title='bbox 919 2789 1148 2845; x_wconf 85' lang='lat' dir='ltr'>descripta</span> <span class='ocrx_word' id='word_1_248' title='bbox 1177 2799 1280 2834; x_wconf 88' lang='lat' dir='ltr'>sunt</span> <span class='ocrx_word' id='word_1_249' title='bbox 1305 2793 1507 2849; x_wconf 86' lang='lat' dir='ltr'>reperire</span> <span class='ocrx_word' id='word_1_250' title='bbox 1535 2807 1624 2836; x_wconf 87' lang='lat' dir='ltr'>non</span> 
     </span>
    </p>
   </div>
  </div>
 </body>
</html>
