1914 3237
264 165 344 208 112
858 166 977 205 Liber
1014 166 1134 206 XXI.

331 311 503 345 recens
540 295 616 344 vel
655 295 840 344 aridum
878 294 1109 359 illinique.
1167 295 1341 344 Medici
1383 295 1458 344 vel
1497 294 1729 360 splenicis

331 384 588 448 propinant
625 399 685 432 ex
721 388 860 432 aceto
899 389 991 434 etc.

364 471 436 512 Ita
467 471 549 511 Sill.
593 484 695 512 voce
734 474 875 511 medici
913 484 935 511 e
974 470 1063 513 cod.
1098 470 1145 512 R.
1191 474 1363 524 recepta
1402 470 1477 510 sed
1523 483 1598 510 suo
1638 469 1728 510 loco

265 553 404 589 mota:
437 548 519 589 illic
544 550 654 590 enim
687 553 785 589 ante
814 563 852 590 v.
883 553 922 589 in
951 552 1039 588 vino
1070 548 1233 602 legitur.
1274 549 1396 588 Ianus
1428 547 1480 588 ad
1512 543 1726 602 vulgatam

265 626 388 667 rediit
419 639 648 680 vocemque
689 630 749 666 vel
783 630 881 665 ante
921 629 1105 676 splenicis
1147 637 1255 679 quae
1293 624 1333 664 in
1373 625 1565 666 omnibus
1607 624 1728 666 codd.

264 704 484 759 reperitur,
517 704 668 744 omisit.
713 705 766 743 At
796 702 1029 743 rectissime
1062 715 1086 742 a
1117 701 1203 742 Sill.
1236 701 1494 742 intellectum
1528 708 1613 754 est,
1645 716 1729 743 me-

266 782 381 823 dicos
413 788 508 837 post
538 785 687 836 poetas
719 780 997 820 nominandos
1027 779 1170 822 fuisse.
1230 778 1277 819 Id
1303 792 1469 833 quoque
1499 784 1612 819 recte
1644 780 1730 833 egit

264 860 373 915 quod
394 873 547 901 novum
572 857 670 899 inde
689 871 859 898 sensum
876 857 1044 911 incepit,
1077 861 1119 897 at
1149 870 1252 897 voce
1284 861 1344 897 vel
1371 857 1534 897 etiamsi
1563 856 1600 897 id
1620 857 1730 912 quod

263 941 362 978 adeo
408 937 615 992 significet
652 937 793 990 inepte
839 934 1131 989 gradationem
1164 934 1251 974 fieri
1292 933 1343 974 ab
1374 935 1543 975 insolito
1574 934 1729 975 herbae

262 1029 385 1056 usum
424 1015 477 1056 ad
518 1015 734 1070 vulgarem
775 1014 798 1054 i.
841 1027 875 1056 e,
907 1026 931 1053 a
969 1012 1116 1053 maiori
1157 1011 1210 1052 ad
1247 1013 1384 1053 minus
1426 1013 1518 1067 quis
1559 1018 1623 1053 est
1660 1014 1728 1068 qui

265 1098 399 1149 neget.
435 1092 602 1135 Scilicet
623 1106 749 1147 quum
768 1105 851 1133 vox
870 1095 1013 1132 medici
1030 1091 1069 1131 in
1091 1090 1307 1145 archetypi
1329 1091 1519 1145 margine
1541 1091 1591 1131 ad
1611 1106 1647 1132 v.
1674 1095 1734 1132 vel

264 1172 478 1227 adscripta
509 1176 634 1224 esset,
666 1184 691 1210 a
712 1170 924 1224 plerisque
955 1169 1124 1221 omissa,
1157 1182 1181 1208 a
1211 1168 1301 1210 cod.
1332 1168 1369 1209 R
1401 1168 1568 1208 librario
1601 1183 1729 1224 pravo

264 1250 410 1291 ordine
441 1250 586 1291 addita
616 1254 691 1292 est.
724 1246 999 1289 scribendum
1031 1251 1096 1287 est
1125 1247 1273 1301 igitur:
1314 1251 1374 1287 vel
1396 1260 1531 1287 recens
1560 1251 1619 1287 vel
1646 1252 1728 1287 ceri-

263 1332 354 1370 dum
386 1332 569 1379 illinique.
633 1329 781 1368 Medici
809 1330 1002 1378 splenicis.

152 1451 234 1496 463
815 1408 905 1454 146
925 1425 982 1445 =
999 1404 1194 1453 ibidem.

328 1525 389 1531 ——
427 1493 694 1544 Stomacho
754 1497 912 1541 tamen
970 1491 1135 1540 inutile
1191 1506 1302 1540 esse
1354 1519 1415 1548 —,-
1463 1521 1523 1527 -
1583 1490 1729 1556 aliqui

329 1589 522 1648 negant.
587 1581 645 1632 Et
681 1580 968 1646 religionem
1005 1579 1192 1628 addunt
1229 1585 1320 1629 etc.

373 1672 588 1712 Lacunam
621 1684 646 1711 a
677 1669 762 1712 Sill.
795 1668 1103 1724 deprehensam
1134 1668 1193 1709 ita
1223 1668 1397 1723 expleo:

320 1755 506 1801 alleqcmt,
539 1753 662 1799 aliqui
691 1755 840 1799 neqcmt
868 1754 905 1788 et
934 1747 1005 1790 rel.

377 1828 574 1869 Ceterum
614 1827 655 1867 in
685 1826 768 1866 fine
798 1825 921 1866 huius
960 1838 1111 1865 sensus
1145 1827 1344 1874 alle‘nqan!
1389 1824 1544 1879 optime
1586 1838 1732 1866 omnes

266 1906 357 1947 libri
383 1905 501 1948 MSS.
533 1905 691 1946 habent
721 1904 773 1944 de
795 1904 844 1944 iis
863 1902 1183 1957 intelligendum
1204 1902 1271 1957 qui
1295 1903 1450 1957 polium
1472 1904 1733 1944 invenerunt.

156 2010 237 2052 459
599 1987 684 2033 151
709 2005 767 2025 =
787 1984 946 2041 20‚87.
998 1981 1088 2042 (de
1126 1980 1383 2040 meliloto).

331 2072 460 2121 Iden]
500 2072 700 2121 effectus
739 2076 786 2120 et
821 2070 882 2119 ad
911 2069 1114 2132 vulvas3
1152 2073 1302 2118 testes
1342 2084 1456 2118 vero
1484 2074 1529 2116 et
1565 2069 1732 2116 sedem

334 2160 616 2225 prociduam
656 2173 880 2223 quaeque
934 2163 981 2207 et
1017 2157 1109 2207 alia
1160 2157 1223 2206 ibi
1261 2157 1353 2205 sint
1409 2156 1519 2204 vitia
1560 2172 1734 2204 recens

335 2265 395 2297 ex
433 2262 558 2311 aqua
595 2247 802 2296 decocta
839 2245 913 2295 vel
954 2262 1014 2295 ex
1050 2260 1211 2311 passo

384 2335 436 2376 Ut
467 2340 700 2376 structurae
739 2334 898 2375 labanti
937 2337 1221 2386 succurreret,
1260 2331 1345 2374 Sill.
1392 2332 1507 2373 varia
1544 2333 1734 2384 mutavit,

271 2416 396 2455 lanus
426 2427 520 2454 eum
551 2427 573 2454 e
612 2419 730 2468 parte
770 2417 938 2453 secutus
978 2415 1048 2452 ml*
1070 2420 1184 2452 testes
1224 2415 1265 2451 et
1295 2419 1452 2451 recente
1481 2435 1533 2439 —
1567 2412 1732 2450 ‹lec-acm

271 2493 448 2546 scripsit.
511 2493 567 2532 At
597 2504 695 2532 vero
721 2489 840 2532 codd.
874 2495 916 2530 et
946 2490 1232 2531 accusativum
1264 2488 1482 2544 praebent,
1514 2492 1734 2541 utrumque

274 2573 320 2622 V,
353 2571 531 2624 priorem
562 2570 618 2621 R,
666 2574 707 2610 et
738 2553 882 2610 vocein
916 2571 972 2608 ad
1000 2569 1207 2623 ignorant.
1266 2566 1416 2621 Itaque
1447 2565 1574 2606 multo
1608 2564 1736 2605 tutius

272 2649 349 2688 erit
379 2648 505 2688 verba
536 2661 643 2702 quae
675 2646 884 2687 excidisse
903 2645 1093 2700 putanda
1125 2650 1235 2697 suut,
1266 2645 1337 2685 tali
1366 2643 1452 2684 fere
1483 2639 1607 2681 modo
1639 2654 1736 2696 sup-

271 2727 406 2781 plere:

326 2832 378 2836 ——
409 2814 522 2847 testes
551 2818 644 2845 vero
674 2828 726 2833 —-
755 2807 850 2843 vitia
873 2809 1063 2843 recentem
1089 2825 1140 2832 —-
1163 2802 1362 2840 decoctam
1380 2823 1424 2827 -†--
1449 2812 1597 2839 sanare
1615 2802 1735 2839 (tizan.
