1914 3237
160 1026 238 1067 1-19

259 125 339 165 120
854 114 984 157 Liber
1017 111 1091 156 VI
1090 114 1120 155 I
1121 145 1131 156 .

257 243 564 299 Borysthenen
595 240 794 280 habitare
826 238 1052 279 tradiderit
1080 238 1303 291 Isigonus,
1332 235 1620 276 Sauromatas
1646 233 1726 274 ibi-

261 324 358 363 dem
389 319 609 361 collocare
635 332 721 358 non
759 317 910 370 potuit.
981 316 1110 363 Quod
1143 315 1272 369 igitur
1301 314 1341 353 in
1374 312 1471 352 eod.
1503 312 1537 352 T
1573 311 1728 364 legitur

259 401 372 447 Xlll,
403 398 490 438 hoc
523 397 620 437 loco
652 395 948 449 recipiendum
981 402 1060 435 est.
1105 393 1207 433 lllos
1233 399 1376 432 autem
1403 391 1566 431 Plinius
1581 388 1728 429 mss.

259 491 345 518 non
383 484 469 517 tam
511 483 719 515 accurate
757 486 884 527 quam
922 485 946 512 e
984 471 1155 524 vulgari
1194 471 1414 523 scriptura
1451 468 1624 508 videtur
1656 467 1730 506 de-

259 556 451 610 scripsit.
512 555 661 608 ltaque
695 559 893 605 praestat
919 551 1057 591 verba
1090 551 1246 605 quibus
1278 550 1331 589 ad
1353 549 1506 589 librum
1530 553 1731 601 quartum

259 633 469 674 lectorem
500 631 659 683 refert,
703 631 761 670 ita
792 630 939 683 potius
968 629 1294 682 interpungere,
1327 634 1370 666 ut
1401 637 1636 666 mensurae
1669 624 1730 663 in-

261 711 422 752 dicatio
455 710 509 749 ad
542 709 762 762 Isigonum
795 706 1037 760 pertineat:

327 788 532 837 Priores
564 785 1035 848 Anthropophagos,
1091 800 1212 846 quos
1253 783 1311 829 ad
1350 781 1731 846 septentrionem

331 895 441 926 esse
473 876 700 935 diximus,
733 874 904 921 decem
943 872 1131 920 dierum
1169 876 1249 918 rel.

836 1006 895 1054 18
915 1033 959 1049 z
979 1005 1174 1053 ibidem.

331 1102 472 1151 Adeo
505 1107 732 1160 naturae,
775 1115 884 1146 cum
921 1098 1132 1144 serarum
1167 1111 1349 1143 morem
1380 1092 1610 1142 vescendi
1649 1092 1734 1139 hu-

332 1191 483 1239 manis
503 1189 773 1238 visceribus
805 1187 861 1234 in
892 1185 1128 1234 homine
1159 1184 1504 1249 genuisset,
1535 1183 1735 1246 gignere

335 1280 478 1328 etiam
532 1279 580 1326 in
632 1285 732 1325 toto
785 1292 992 1339 corpore
1038 1282 1088 1322 et
1131 1275 1177 1321 in
1224 1273 1526 1337 quorundam
1582 1271 1737 1319 oeulis

335 1386 529 1433 quoque
545 1383 730 1416 venena
756 1364 951 1429 placuit,
982 1381 1041 1411 ne
1074 1364 1186 1427 quid
1216 1379 1416 1427 usquam
1447 1361 1558 1409 mali
1589 1370 1737 1421 esset,

336 1459 466 1523 quod
496 1458 544 1506 in
574 1457 767 1505 homine
804 1472 899 1503 non
937 1462 1084 1502 esset.

377 1570 501 1612 Ferri
540 1569 711 1624 quidem
758 1580 894 1621 posse
939 1566 1162 1621 vulgatam
1207 1565 1471 1619 scripturam
1521 1563 1739 1615 concedo,

264 1663 398 1703 vquum
436 1647 614 1690 Solinus
648 1659 821 1700 quoque
863 1644 989 1686 015.
1029 1643 1218 1683 humana
1250 1643 1426 1683 viscera
1469 1641 1593 1681 cibos
1635 1654 1738 1681 exe—

269 1727 463 1767 crandos
499 1724 816 1779 appellaverit:
859 1722 938 1762 sed
981 1722 1052 1761 vix
1084 1720 1310 1761 ferendam
1342 1733 1445 1761 esse
1480 1727 1523 1760 et
1555 1720 1620 1760 vir
1651 1719 1741 1774 qui-

270 1807 367 1846 dam
410 1805 566 1845 doctus
611 1803 731 1856 apud
760 1800 1095 1854 Dalecampium
1141 1807 1182 1840 et
1220 1800 1262 1841 Β.
1299 1798 1544 1839 Rhenanus
1583 1799 1739 1848 sensit,

269 1897 452 1939 quorum
505 1880 786 1923 coniecturas
835 1878 953 1931 apud
1007 1876 1217 1932 Silligium
1261 1885 1328 1918 est
1377 1878 1543 1931 legere.
1627 1878 1740 1917 Nam

268 1961 452 2016 primum
485 1959 718 2012 displicent
756 1958 892 1997 verba
930 1956 975 1995 in
1014 1955 1184 1995 homine
1222 1957 1262 1995 in
1302 1957 1458 1996 eodem
1501 1970 1639 1997 sensu
1677 1956 1743 1996 bis

269 2039 470 2092 repetita,
499 2037 671 2085 deinde,
694 2034 810 2088 quod
837 2033 1017 2088 gravius
1040 2041 1121 2081 est,
1147 2034 1293 2087 inepte
1312 2035 1441 2073 homo
1468 2036 1545 2075 toti
1565 2034 1744 2088 corpori

271 2117 531 2171 opponitur,
559 2121 606 2155 ut
637 2114 755 2154 initio
785 2113 838 2152 de
865 2111 1062 2158 homine,
1094 2119 1179 2152 tuin
1212 2113 1264 2152 de
1294 2120 1384 2153 toto
1416 2127 1636 2166 corpore,
1670 2128 1744 2167 po-

270 2205 432 2237 stremo
464 2193 516 2233 de
550 2191 690 2232 oeulis
721 2189 907 2230 hominis
927 2189 1088 2229 Plinius
1119 2188 1234 2243 loqui
1261 2190 1476 2233 videatur.
1519 2193 1607 2232 Iam
1633 2206 1742 2232 vero

273 2273 378 2314 nihil
416 2271 591 2312 facilius
629 2271 722 2310 fieri
756 2270 908 2323 potuit,
948 2281 1074 2322 quam
1108 2276 1152 2308 ut
1187 2253 1480 2310 vocabnlaessffiia
1516 2270 1686 2311 homine
1720 2285 1746 2310 a

272 2352 422 2395 scriba
464 2364 487 2391 e
526 2350 773 2403 posteriore
819 2360 952 2387 versu
1000 2348 1040 2387 in
1087 2347 1269 2388 similem
1312 2349 1457 2390 locum
1501 2350 1745 2403 superioris

273 2420 630 2489 transfrrreiiltur.
691 2427 789 2473 Quo
828 2425 1020 2465 admisso
1063 2426 1278 2466 concinna
1315 2435 1523 2468 nascetur
1568 2435 1609 2467 et
1649 2441 1745 2468 curn

275 2508 489 2549 brevitate
522 2505 754 2546 coniuncta
783 2502 1002 2543 sermonis
1034 2502 1281 2556 elegantia:

332 2584 454 2625 Adeo
493 2589 702 2633 naturae,
746 2596 842 2621 cnm
876 2580 1074 2636 ferarum
1112 2597 1270 2623 nitorem
1309 2582 1510 2623 vescendi
1546 2582 1747 2624 lmnmnis

333 2662 564 2703 visceribus
595 2661 867 2718 inqenuisset
893 2659 972 2700 rel.

387 2741 450 2781 Ita
472 2739 509 2794 ξ.
528 2739 590 2782 14,
612 2740 818 2792 legimus:
850 2738 1025 2777 Horum
1049 2739 1215 2792 corpori
1244 2737 1480 2792 inqenitum
1511 2734 1595 2791 suit
1615 2739 1746 2779 virus.
