<?xml version="1.0" encoding="UTF-8"?>
<!DOCTYPE html PUBLIC "-//W3C//DTD XHTML 1.0 Transitional//EN"
    "http://www.w3.org/TR/xhtml1/DTD/xhtml1-transitional.dtd">
<html xmlns="http://www.w3.org/1999/xhtml" xml:lang="en" lang="en">
 <head>
  <title>
</title>
<meta http-equiv="Content-Type" content="text/html;charset=utf-8" />
  <meta name='ocr-system' content='tesseract 3.04.00' />
  <meta name='ocr-capabilities' content='ocr_page ocr_carea ocr_par ocr_line ocrx_word'/>
</head>
<body>
  <div class='ocr_page' id='page_1' title='image "./vindiciaeplinian00urliuoft_0259.png"; bbox 0 0 1914 3237; ppageno 0'>
   <div class='ocr_carea' id='block_1_1' title="bbox 672 175 1561 227">
    <p class='ocr_par' dir='ltr' id='par_1_1' title="bbox 672 175 1561 227">
     <span class='ocr_line' id='line_1_1' title="bbox 672 175 1561 227; baseline -0.004 -1"><span class='ocrx_word' id='word_1_1' title='bbox 672 186 797 226; x_wconf 26' lang='lat' dir='ltr'>Liber*</span> <span class='ocrx_word' id='word_1_2' title='bbox 822 184 869 223; x_wconf 89' lang='lat' dir='ltr'><em>X</em></span> <span class='ocrx_word' id='word_1_3' title='bbox 877 183 992 227; x_wconf 83' lang='lat' dir='ltr'><em>VIII.</em></span> <span class='ocrx_word' id='word_1_4' title='bbox 1507 175 1561 222; x_wconf 75' lang='grc'>519</span> 
     </span>
    </p>
   </div>
   <div class='ocr_carea' id='block_1_2' title="bbox 98 309 1565 991">
    <p class='ocr_par' dir='ltr' id='par_1_2' title="bbox 98 309 1565 991">
     <span class='ocr_line' id='line_1_2' title="bbox 101 309 1563 367; baseline -0.004 -11"><span class='ocrx_word' id='word_1_5' title='bbox 101 314 281 364; x_wconf 73' lang='lat' dir='ltr'>cendum</span> <span class='ocrx_word' id='word_1_6' title='bbox 336 327 430 355; x_wconf 86' lang='lat' dir='ltr'>esse</span> <span class='ocrx_word' id='word_1_7' title='bbox 475 312 722 355; x_wconf 85' lang='lat' dir='ltr'>Harduinus</span> <span class='ocrx_word' id='word_1_8' title='bbox 774 313 946 367; x_wconf 84' lang='lat' dir='ltr'>egregie</span> <span class='ocrx_word' id='word_1_9' title='bbox 994 311 1304 353; x_wconf 85' lang='lat' dir='ltr'>animadvertit.</span> <span class='ocrx_word' id='word_1_10' title='bbox 1377 309 1563 362; x_wconf 82' lang='lat' dir='ltr'>,Currus‘</span> 
     </span>
     <span class='ocr_line' id='line_1_3' title="bbox 103 390 1563 447; baseline -0.004 -13"><span class='ocrx_word' id='word_1_11' title='bbox 103 393 217 444; x_wconf 74' lang='lat' dir='ltr'>enim</span> <span class='ocrx_word' id='word_1_12' title='bbox 248 393 380 446; x_wconf 82' lang='lat' dir='ltr'>,imos‘</span> <span class='ocrx_word' id='word_1_13' title='bbox 412 392 622 447; x_wconf 89' lang='lat' dir='ltr'>Vergilius</span> <span class='ocrx_word' id='word_1_14' title='bbox 642 391 795 444; x_wconf 86' lang='lat' dir='ltr'>Georg.</span> <span class='ocrx_word' id='word_1_15' title='bbox 822 390 852 432; x_wconf 89' lang='grc' dir='ltr'>Ι.</span> <span class='ocrx_word' id='word_1_16' title='bbox 878 391 950 433; x_wconf 72' lang='grc'>173</span> <span class='ocrx_word' id='word_1_17' title='bbox 982 390 1160 442; x_wconf 76' lang='lat' dir='ltr'>dixerat,</span> <span class='ocrx_word' id='word_1_18' title='bbox 1192 394 1376 444; x_wconf 89' lang='lat' dir='ltr'>‚propter</span> <span class='ocrx_word' id='word_1_19' title='bbox 1404 401 1563 429; x_wconf 88' lang='lat' dir='ltr'>morem</span> 
     </span>
     <span class='ocr_line' id='line_1_4' title="bbox 101 466 1563 528; baseline -0.004 -15"><span class='ocrx_word' id='word_1_20' title='bbox 101 472 356 528; x_wconf 84' lang='lat' dir='ltr'>,provinciae</span> <span class='ocrx_word' id='word_1_21' title='bbox 388 483 511 522; x_wconf 80' lang='lat' dir='ltr'>suae,</span> <span class='ocrx_word' id='word_1_22' title='bbox 550 471 591 509; x_wconf 91' lang='lat' dir='ltr'>in</span> <span class='ocrx_word' id='word_1_23' title='bbox 623 481 706 524; x_wconf 89' lang='lat' dir='ltr'>qua</span> <span class='ocrx_word' id='word_1_24' title='bbox 736 473 876 509; x_wconf 86' lang='lat' dir='ltr'>aratra</span> <span class='ocrx_word' id='word_1_25' title='bbox 904 468 1063 509; x_wconf 88' lang='lat' dir='ltr'>habent</span> <span class='ocrx_word' id='word_1_26' title='bbox 1094 472 1208 508; x_wconf 88' lang='lat' dir='ltr'>rotas</span> <span class='ocrx_word' id='word_1_27' title='bbox 1238 467 1388 522; x_wconf 89' lang='lat' dir='ltr'>quibus</span> <span class='ocrx_word' id='word_1_28' title='bbox 1418 466 1563 507; x_wconf 89' lang='lat' dir='ltr'>iuvan-</span> 
     </span>
     <span class='ocr_line' id='line_1_5' title="bbox 101 545 1565 603; baseline -0.003 -13"><span class='ocrx_word' id='word_1_29' title='bbox 101 551 216 603; x_wconf 82' lang='lat' dir='ltr'>,tur‘,</span> <span class='ocrx_word' id='word_1_30' title='bbox 261 552 308 589; x_wconf 91' lang='lat' dir='ltr'>ut</span> <span class='ocrx_word' id='word_1_31' title='bbox 336 549 506 589; x_wconf 86' lang='lat' dir='ltr'>Servius</span> <span class='ocrx_word' id='word_1_32' title='bbox 538 552 725 588; x_wconf 83' lang='lat' dir='ltr'>annotat.</span> <span class='ocrx_word' id='word_1_33' title='bbox 782 547 932 602; x_wconf 86' lang='lat' dir='ltr'>Neque</span> <span class='ocrx_word' id='word_1_34' title='bbox 962 551 1105 587; x_wconf 87' lang='lat' dir='ltr'>tamen</span> <span class='ocrx_word' id='word_1_35' title='bbox 1140 545 1275 600; x_wconf 85' lang='lat' dir='ltr'>ipsam</span> <span class='ocrx_word' id='word_1_36' title='bbox 1307 558 1433 601; x_wconf 89' lang='lat' dir='ltr'>quam</span> <span class='ocrx_word' id='word_1_37' title='bbox 1470 559 1565 600; x_wconf 90' lang='lat' dir='ltr'>pro-</span> 
     </span>
     <span class='ocr_line' id='line_1_6' title="bbox 101 623 1565 679; baseline -0.003 -10"><span class='ocrx_word' id='word_1_38' title='bbox 101 628 194 669; x_wconf 85' lang='lat' dir='ltr'>tulit</span> <span class='ocrx_word' id='word_1_39' title='bbox 223 626 507 668; x_wconf 83' lang='lat' dir='ltr'>coniecturam</span> <span class='ocrx_word' id='word_1_40' title='bbox 524 630 790 677; x_wconf 63' lang='lat' dir='ltr'>plaustum-ati</span> <span class='ocrx_word' id='word_1_41' title='bbox 821 630 943 673; x_wconf 72' lang='lat' dir='ltr'>(nam</span> <span class='ocrx_word' id='word_1_42' title='bbox 959 628 1247 677; x_wconf 79' lang='lat' dir='ltr'>plaustraratrz&#39;</span> <span class='ocrx_word' id='word_1_43' title='bbox 1263 623 1441 679; x_wconf 91' lang='lat' dir='ltr'>proponi</span> <span class='ocrx_word' id='word_1_44' title='bbox 1458 623 1565 664; x_wconf 87' lang='lat' dir='ltr'>falso</span> 
     </span>
     <span class='ocr_line' id='line_1_7' title="bbox 101 701 1565 759; baseline -0.002 -14"><span class='ocrx_word' id='word_1_45' title='bbox 101 705 188 746; x_wconf 82' lang='lat' dir='ltr'>Sill.</span> <span class='ocrx_word' id='word_1_46' title='bbox 220 704 310 745; x_wconf 88' lang='lat' dir='ltr'>Ian.</span> <span class='ocrx_word' id='word_1_47' title='bbox 344 704 600 751; x_wconf 88' lang='lat' dir='ltr'>retulerunt)</span> <span class='ocrx_word' id='word_1_48' title='bbox 634 703 915 758; x_wconf 84' lang='lat' dir='ltr'>probaverim,</span> <span class='ocrx_word' id='word_1_49' title='bbox 947 717 1073 759; x_wconf 91' lang='lat' dir='ltr'>quum</span> <span class='ocrx_word' id='word_1_50' title='bbox 1105 702 1266 743; x_wconf 89' lang='lat' dir='ltr'>Plinius</span> <span class='ocrx_word' id='word_1_51' title='bbox 1297 716 1383 743; x_wconf 89' lang='grc'>11011</span> <span class='ocrx_word' id='word_1_52' title='bbox 1414 701 1465 743; x_wconf 92' lang='lat' dir='ltr'>de</span> <span class='ocrx_word' id='word_1_53' title='bbox 1482 706 1565 743; x_wconf 90' lang='lat' dir='ltr'>ter—</span> 
     </span>
     <span class='ocr_line' id='line_1_8' title="bbox 98 781 1565 838; baseline -0.001 -14"><span class='ocrx_word' id='word_1_54' title='bbox 98 797 170 824; x_wconf 89' lang='lat' dir='ltr'>rae</span> <span class='ocrx_word' id='word_1_55' title='bbox 202 783 393 824; x_wconf 82' lang='lat' dir='ltr'>aratione</span> <span class='ocrx_word' id='word_1_56' title='bbox 431 781 506 822; x_wconf 89' lang='lat' dir='ltr'>sed</span> <span class='ocrx_word' id='word_1_57' title='bbox 539 781 590 823; x_wconf 92' lang='lat' dir='ltr'>de</span> <span class='ocrx_word' id='word_1_58' title='bbox 622 783 748 824; x_wconf 82' lang='lat' dir='ltr'>aratri</span> <span class='ocrx_word' id='word_1_59' title='bbox 781 795 937 838; x_wconf 86' lang='lat' dir='ltr'>genere</span> <span class='ocrx_word' id='word_1_60' title='bbox 974 787 1086 838; x_wconf 87' lang='lat' dir='ltr'>agat.</span> <span class='ocrx_word' id='word_1_61' title='bbox 1146 782 1285 836; x_wconf 86' lang='lat' dir='ltr'>Atque</span> <span class='ocrx_word' id='word_1_62' title='bbox 1322 781 1565 836; x_wconf 83' lang='lat' dir='ltr'>genetivum</span> 
     </span>
     <span class='ocr_line' id='line_1_9' title="bbox 100 860 1136 918; baseline 0 -15"><span class='ocrx_word' id='word_1_63' title='bbox 100 875 224 918; x_wconf 91' lang='lat' dir='ltr'>quem</span> <span class='ocrx_word' id='word_1_64' title='bbox 256 861 511 916; x_wconf 86' lang='lat' dir='ltr'>quaerimus,</span> <span class='ocrx_word' id='word_1_65' title='bbox 544 860 707 902; x_wconf 87' lang='lat' dir='ltr'>duabus</span> <span class='ocrx_word' id='word_1_66' title='bbox 738 862 933 902; x_wconf 89' lang='lat' dir='ltr'>litterulis</span> <span class='ocrx_word' id='word_1_67' title='bbox 963 860 1136 903; x_wconf 83' lang='lat' dir='ltr'>mutatis</span> 
     </span>
     <span class='ocr_line' id='line_1_10' title="bbox 374 919 594 991; baseline 0 -12"><span class='ocrx_word' id='word_1_68' title='bbox 374 919 594 991; x_wconf 54' lang='lat' dir='ltr'>plaustrum·</span> 
     </span>
    </p>
   </div>
   <div class='ocr_carea' id='block_1_3' title="bbox 101 1018 497 1073">
    <p class='ocr_par' dir='ltr' id='par_1_3' title="bbox 101 1018 497 1073">
     <span class='ocr_line' id='line_1_11' title="bbox 101 1018 497 1073; baseline -0.008 -12"><span class='ocrx_word' id='word_1_69' title='bbox 101 1032 196 1061; x_wconf 86' lang='lat' dir='ltr'>esse</span> <span class='ocrx_word' id='word_1_70' title='bbox 225 1018 497 1073; x_wconf 61' lang='lat' dir='ltr'>reperiemust</span> 
     </span>
    </p>
   </div>
   <div class='ocr_carea' id='block_1_4' title="bbox 627 1140 1681 1203">
    <p class='ocr_par' dir='ltr' id='par_1_4' title="bbox 627 1140 1681 1203">
     <span class='ocr_line' id='line_1_12' title="bbox 627 1140 1681 1203; baseline 0.009 -16"><span class='ocrx_word' id='word_1_71' title='bbox 627 1140 717 1189; x_wconf 75' lang='lat'>176</span> <span class='ocrx_word' id='word_1_72' title='bbox 754 1155 806 1174; x_wconf 90' lang='lat'><strong><em>=</em></strong></span> <span class='ocrx_word' id='word_1_73' title='bbox 846 1140 1026 1203; x_wconf 76' lang='lat'><strong>19,492.</strong></span> <span class='ocrx_word' id='word_1_74' title='bbox 1599 1152 1681 1197; x_wconf 80' lang='lat'>360</span> 
     </span>
    </p>
   </div>
   <div class='ocr_carea' id='block_1_5' title="bbox 101 1237 1570 1614">
    <p class='ocr_par' dir='ltr' id='par_1_5' title="bbox 101 1237 1570 1614">
     <span class='ocr_line' id='line_1_13' title="bbox 170 1237 843 1304; baseline 0 -16"><span class='ocrx_word' id='word_1_75' title='bbox 170 1237 292 1288; x_wconf 83' lang='lat' dir='ltr'>Sunt</span> <span class='ocrx_word' id='word_1_76' title='bbox 331 1244 378 1288; x_wconf 87' lang='lat' dir='ltr'>et</span> <span class='ocrx_word' id='word_1_77' title='bbox 414 1238 494 1288; x_wconf 82' lang='lat' dir='ltr'>hie</span> <span class='ocrx_word' id='word_1_78' title='bbox 531 1255 649 1288; x_wconf 89' lang='lat' dir='ltr'>suae</span> <span class='ocrx_word' id='word_1_79' title='bbox 686 1238 843 1304; x_wconf 74' lang='lat' dir='ltr'>leges</span> 
     </span>
     <span class='ocr_line' id='line_1_14' title="bbox 212 1325 1570 1382; baseline 0 -15"><span class='ocrx_word' id='word_1_80' title='bbox 212 1327 368 1367; x_wconf 89' lang='lat' dir='ltr'>Terrae</span> <span class='ocrx_word' id='word_1_81' title='bbox 406 1341 609 1382; x_wconf 88' lang='lat' dir='ltr'>generum</span> <span class='ocrx_word' id='word_1_82' title='bbox 646 1328 896 1369; x_wconf 86' lang='lat' dir='ltr'>varietatem</span> <span class='ocrx_word' id='word_1_83' title='bbox 934 1327 976 1367; x_wconf 93' lang='lat' dir='ltr'>in</span> <span class='ocrx_word' id='word_1_84' title='bbox 1017 1326 1176 1369; x_wconf 88' lang='lat' dir='ltr'>arando</span> <span class='ocrx_word' id='word_1_85' title='bbox 1226 1326 1376 1381; x_wconf 79' lang='lat' dir='ltr'>respici</span> <span class='ocrx_word' id='word_1_86' title='bbox 1408 1325 1570 1380; x_wconf 67' lang='lat' dir='ltr'>,debere</span> 
     </span>
     <span class='ocr_line' id='line_1_15' title="bbox 103 1404 1569 1461; baseline 0.001 -16"><span class='ocrx_word' id='word_1_87' title='bbox 103 1406 174 1457; x_wconf 83' lang='lat' dir='ltr'>ait,</span> <span class='ocrx_word' id='word_1_88' title='bbox 205 1421 305 1446; x_wconf 77' lang='lat' dir='ltr'>snae</span> <span class='ocrx_word' id='word_1_89' title='bbox 336 1410 476 1446; x_wconf 89' lang='lat' dir='ltr'>autem</span> <span class='ocrx_word' id='word_1_90' title='bbox 509 1420 589 1461; x_wconf 91' lang='lat' dir='ltr'>quo</span> <span class='ocrx_word' id='word_1_91' title='bbox 608 1406 815 1447; x_wconf 87' lang='lat' dir='ltr'>referatur</span> <span class='ocrx_word' id='word_1_92' title='bbox 838 1419 921 1446; x_wconf 90' lang='lat' dir='ltr'>non</span> <span class='ocrx_word' id='word_1_93' title='bbox 945 1405 1086 1447; x_wconf 86' lang='lat' dir='ltr'>habet.</span> <span class='ocrx_word' id='word_1_94' title='bbox 1119 1404 1270 1460; x_wconf 91' lang='lat' dir='ltr'>Itaque</span> <span class='ocrx_word' id='word_1_95' title='bbox 1302 1405 1569 1446; x_wconf 83' lang='lat' dir='ltr'>scribendum</span> 
     </span>
     <span class='ocr_line' id='line_1_16' title="bbox 101 1483 1568 1538; baseline 0 -14"><span class='ocrx_word' id='word_1_96' title='bbox 101 1489 186 1524; x_wconf 85' lang='lat' dir='ltr'>est:</span> <span class='ocrx_word' id='word_1_97' title='bbox 228 1493 317 1523; x_wconf 76' lang='lat' dir='ltr'>sum</span> <span class='ocrx_word' id='word_1_98' title='bbox 354 1494 389 1524; x_wconf 83' lang='lat' dir='ltr'>et</span> <span class='ocrx_word' id='word_1_99' title='bbox 429 1487 489 1523; x_wconf 75' lang='lat' dir='ltr'>his</span> <span class='ocrx_word' id='word_1_100' title='bbox 533 1497 630 1524; x_wconf 78' lang='lat' dir='ltr'>suae</span> <span class='ocrx_word' id='word_1_101' title='bbox 675 1488 796 1536; x_wconf 68' lang='lat' dir='ltr'>leyes,</span> <span class='ocrx_word' id='word_1_102' title='bbox 845 1484 945 1524; x_wconf 84' lang='lat' dir='ltr'>item</span> <span class='ocrx_word' id='word_1_103' title='bbox 982 1484 1133 1538; x_wconf 74' lang='lat'><strong>§.192</strong></span> <span class='ocrx_word' id='word_1_104' title='bbox 1172 1497 1195 1524; x_wconf 88' lang='lat' dir='ltr'>e</span> <span class='ocrx_word' id='word_1_105' title='bbox 1237 1483 1382 1525; x_wconf 85' lang='lat' dir='ltr'>codice</span> <span class='ocrx_word' id='word_1_106' title='bbox 1422 1496 1447 1524; x_wconf 93' lang='lat' dir='ltr'>a</span> <span class='ocrx_word' id='word_1_107' title='bbox 1485 1497 1568 1524; x_wconf 92' lang='lat' dir='ltr'>non</span> 
     </span>
     <span class='ocr_line' id='line_1_17' title="bbox 101 1562 1179 1614; baseline 0 -13"><span class='ocrx_word' id='word_1_108' title='bbox 101 1571 138 1601; x_wconf 81' lang='lat' dir='ltr'>el</span> <span class='ocrx_word' id='word_1_109' title='bbox 169 1566 234 1602; x_wconf 68' lang='lat' dir='ltr'>liic</span> <span class='ocrx_word' id='word_1_110' title='bbox 265 1567 367 1612; x_wconf 53' lang='grc' dir='ltr'>ἱερᾶς</span> <span class='ocrx_word' id='word_1_111' title='bbox 396 1571 486 1602; x_wconf 76' lang='lat' dir='ltr'>sunl</span> <span class='ocrx_word' id='word_1_112' title='bbox 511 1567 706 1614; x_wconf 75' lang='lat' dir='ltr'>propriae</span> <span class='ocrx_word' id='word_1_113' title='bbox 737 1562 811 1602; x_wconf 87' lang='lat' dir='ltr'>sed</span> <span class='ocrx_word' id='word_1_114' title='bbox 838 1570 874 1602; x_wconf 78' lang='lat' dir='ltr'>et</span> <span class='ocrx_word' id='word_1_115' title='bbox 902 1565 995 1602; x_wconf 77' lang='lat' dir='ltr'>huic</span> <span class='ocrx_word' id='word_1_116' title='bbox 1026 1567 1047 1601; x_wconf 78' lang='lat' dir='ltr'>l.</span> <span class='ocrx_word' id='word_1_117' title='bbox 1078 1576 1109 1602; x_wconf 84' lang='lat' dir='ltr'>S.</span> <span class='ocrx_word' id='word_1_118' title='bbox 1138 1576 1179 1612; x_wconf 84' lang='grc' dir='ltr'>ρ.</span> 
     </span>
    </p>
   </div>
   <div class='ocr_carea' id='block_1_6' title="bbox 645 1668 1675 1757">
    <p class='ocr_par' dir='ltr' id='par_1_6' title="bbox 645 1668 1675 1757">
     <span class='ocr_line' id='line_1_18' title="bbox 645 1668 1675 1757; baseline 0.001 -43"><span class='ocrx_word' id='word_1_119' title='bbox 645 1668 737 1716; x_wconf 84' lang='grc'>188</span> <span class='ocrx_word' id='word_1_120' title='bbox 773 1681 823 1703; x_wconf 85' lang='lat'><strong><em>=</em></strong></span> <span class='ocrx_word' id='word_1_121' title='bbox 858 1669 1017 1724; x_wconf 58' lang='lat'><strong>2251.</strong></span> <span class='ocrx_word' id='word_1_122' title='bbox 1597 1714 1675 1757; x_wconf 63' lang='lat'>361</span> 
     </span>
    </p>
   </div>
   <div class='ocr_carea' id='block_1_7' title="bbox 174 1765 1568 1831">
    <p class='ocr_par' dir='ltr' id='par_1_7' title="bbox 174 1765 1568 1831">
     <span class='ocr_line' id='line_1_19' title="bbox 174 1765 1568 1831; baseline 0 -17"><span class='ocrx_word' id='word_1_123' title='bbox 174 1794 227 1798; x_wconf 91' lang='lat'>—</span> <span class='ocrx_word' id='word_1_124' title='bbox 266 1793 324 1800; x_wconf 92' lang='lat'>—</span> <span class='ocrx_word' id='word_1_125' title='bbox 362 1766 471 1815; x_wconf 81' lang='lat' dir='ltr'>fons</span> <span class='ocrx_word' id='word_1_126' title='bbox 508 1767 721 1816; x_wconf 83' lang='lat' dir='ltr'>abundat</span> <span class='ocrx_word' id='word_1_127' title='bbox 758 1766 924 1831; x_wconf 82' lang='lat' dir='ltr'>largus</span> <span class='ocrx_word' id='word_1_128' title='bbox 960 1767 1157 1831; x_wconf 86' lang='lat' dir='ltr'>quidem</span> <span class='ocrx_word' id='word_1_129' title='bbox 1207 1766 1298 1814; x_wconf 83' lang='lat' dir='ltr'>sed</span> <span class='ocrx_word' id='word_1_130' title='bbox 1337 1771 1383 1815; x_wconf 84' lang='lat' dir='ltr'>et</span> <span class='ocrx_word' id='word_1_131' title='bbox 1421 1765 1568 1815; x_wconf 81' lang='lat' dir='ltr'>certis</span> 
     </span>
    </p>
   </div>
   <div class='ocr_carea' id='block_1_8' title="bbox 100 1853 1570 2086">
    <p class='ocr_par' dir='ltr' id='par_1_8' title="bbox 100 1853 1570 2086">
     <span class='ocr_line' id='line_1_20' title="bbox 166 1853 1342 1920; baseline 0.002 -19"><span class='ocrx_word' id='word_1_132' title='bbox 166 1853 391 1902; x_wconf 83' lang='lat' dir='ltr'>horarum</span> <span class='ocrx_word' id='word_1_133' title='bbox 429 1854 597 1918; x_wconf 83' lang='lat' dir='ltr'>spatiis</span> <span class='ocrx_word' id='word_1_134' title='bbox 636 1855 949 1920; x_wconf 82' lang='lat' dir='ltr'>dispensatur</span> <span class='ocrx_word' id='word_1_135' title='bbox 982 1855 1106 1904; x_wconf 87' lang='lat' dir='ltr'>inter</span> <span class='ocrx_word' id='word_1_136' title='bbox 1141 1853 1342 1904; x_wconf 77' lang='lat' dir='ltr'>incolas,</span> 
     </span>
     <span class='ocr_line' id='line_1_21' title="bbox 210 1941 1568 1997; baseline 0 -16"><span class='ocrx_word' id='word_1_137' title='bbox 210 1941 507 1997; x_wconf 88' lang='lat' dir='ltr'>Dittographia</span> <span class='ocrx_word' id='word_1_138' title='bbox 551 1943 728 1997; x_wconf 86' lang='lat' dir='ltr'>expulsa</span> <span class='ocrx_word' id='word_1_139' title='bbox 773 1943 927 1985; x_wconf 86' lang='lat' dir='ltr'>scribe:</span> <span class='ocrx_word' id='word_1_140' title='bbox 974 1947 1046 1984; x_wconf 79' lang='lat' dir='ltr'>secl</span> <span class='ocrx_word' id='word_1_141' title='bbox 1082 1946 1199 1983; x_wconf 73' lang='lat' dir='ltr'>certis</span> <span class='ocrx_word' id='word_1_142' title='bbox 1239 1943 1313 1983; x_wconf 87' lang='lat' dir='ltr'>rel.</span> <span class='ocrx_word' id='word_1_143' title='bbox 1361 1943 1397 1996; x_wconf 65' lang='grc' dir='ltr'>ἓ.</span> <span class='ocrx_word' id='word_1_144' title='bbox 1430 1941 1510 1984; x_wconf 84' lang='grc'>190</span> <span class='ocrx_word' id='word_1_145' title='bbox 1547 1957 1568 1981; x_wconf 88' lang='lat' dir='ltr'>e</span> 
     </span>
     <span class='ocr_line' id='line_1_22' title="bbox 100 2019 1570 2086; baseline 0.001 -27"><span class='ocrx_word' id='word_1_146' title='bbox 100 2019 191 2059; x_wconf 83' lang='lat' dir='ltr'>eod.</span> <span class='ocrx_word' id='word_1_147' title='bbox 224 2033 249 2059; x_wconf 89' lang='lat' dir='ltr'>a</span> <span class='ocrx_word' id='word_1_148' title='bbox 275 2022 377 2086; x_wconf 59' lang='lat' dir='ltr'>Orycs</span> <span class='ocrx_word' id='word_1_149' title='bbox 405 2020 501 2075; x_wconf 89' lang='lat' dir='ltr'>lego</span> <span class='ocrx_word' id='word_1_150' title='bbox 533 2021 689 2073; x_wconf 68' lang='lat' dir='ltr'>Orqae,</span> <span class='ocrx_word' id='word_1_151' title='bbox 741 2021 959 2076; x_wconf 83' lang='lat' dir='ltr'>(nomine)</span> <span class='ocrx_word' id='word_1_152' title='bbox 1010 2027 1056 2062; x_wconf 84' lang='lat' dir='ltr'>ut</span> <span class='ocrx_word' id='word_1_153' title='bbox 1085 2021 1180 2062; x_wconf 87' lang='lat' dir='ltr'>fons</span> <span class='ocrx_word' id='word_1_154' title='bbox 1212 2020 1326 2077; x_wconf 87' lang='lat' dir='ltr'>Orga</span> <span class='ocrx_word' id='word_1_155' title='bbox 1366 2020 1570 2076; x_wconf 90' lang='lat' dir='ltr'>appellari</span> 
     </span>
    </p>
   </div>
   <div class='ocr_carea' id='block_1_9' title="bbox 98 2120 1568 2253">
    <p class='ocr_par' dir='ltr' id='par_1_9' title="bbox 98 2120 1568 2253">
     <span class='ocr_line' id='line_1_23' title="bbox 99 2120 1568 2176; baseline 0.001 -15"><span class='ocrx_word' id='word_1_156' title='bbox 99 2120 301 2164; x_wconf 87' lang='lat' dir='ltr'>videatur.</span> <span class='ocrx_word' id='word_1_157' title='bbox 334 2122 369 2176; x_wconf 68' lang='grc' dir='ltr'>ξ.</span> <span class='ocrx_word' id='word_1_158' title='bbox 397 2123 471 2165; x_wconf 82' lang='grc'>191</span> <span class='ocrx_word' id='word_1_159' title='bbox 501 2122 693 2163; x_wconf 86' lang='lat' dir='ltr'>Strackio</span> <span class='ocrx_word' id='word_1_160' title='bbox 719 2124 927 2164; x_wconf 84' lang='lat' dir='ltr'>assentior</span> <span class='ocrx_word' id='word_1_161' title='bbox 955 2128 1105 2164; x_wconf 67' lang='lat' dir='ltr'>saritur</span> <span class='ocrx_word' id='word_1_162' title='bbox 1127 2123 1327 2164; x_wconf 84' lang='lat' dir='ltr'>scribenti</span> <span class='ocrx_word' id='word_1_163' title='bbox 1356 2123 1449 2163; x_wconf 87' lang='lat' dir='ltr'>loeo</span> <span class='ocrx_word' id='word_1_164' title='bbox 1481 2121 1568 2163; x_wconf 92' lang='lat' dir='ltr'>vul-</span> 
     </span>
     <span class='ocr_line' id='line_1_24' title="bbox 98 2204 408 2253; baseline 0.003 -13"><span class='ocrx_word' id='word_1_165' title='bbox 98 2204 223 2253; x_wconf 82' lang='lat' dir='ltr'>gatae</span> <span class='ocrx_word' id='word_1_166' title='bbox 253 2205 408 2241; x_wconf 78' lang='lat' dir='ltr'>serilur.</span> 
     </span>
    </p>
   </div>
   <div class='ocr_carea' id='block_1_10' title="bbox 646 2306 1687 2372">
    <p class='ocr_par' dir='ltr' id='par_1_10' title="bbox 646 2306 1687 2372">
     <span class='ocr_line' id='line_1_25' title="bbox 646 2306 1687 2372; baseline 0 -20"><span class='ocrx_word' id='word_1_167' title='bbox 646 2307 737 2353; x_wconf 76' lang='lat'>193</span> <span class='ocrx_word' id='word_1_168' title='bbox 772 2319 824 2338; x_wconf 83' lang='lat'><strong><em>=</em></strong></span> <span class='ocrx_word' id='word_1_169' title='bbox 861 2306 1020 2362; x_wconf 81' lang='lat'><strong>23,54.</strong></span> <span class='ocrx_word' id='word_1_170' title='bbox 1273 2350 1277 2353; x_wconf 80' lang='grc'>,</span> <span class='ocrx_word' id='word_1_171' title='bbox 1603 2328 1687 2372; x_wconf 69' lang='lat'>352</span> 
     </span>
    </p>
   </div>
   <div class='ocr_carea' id='block_1_11' title="bbox 162 2401 1566 2468">
    <p class='ocr_par' dir='ltr' id='par_1_11' title="bbox 162 2401 1566 2468">
     <span class='ocr_line' id='line_1_26' title="bbox 162 2401 1566 2468; baseline 0.004 -20"><span class='ocrx_word' id='word_1_172' title='bbox 162 2402 413 2451; x_wconf 77' lang='lat' dir='ltr'>Autumno</span> <span class='ocrx_word' id='word_1_173' title='bbox 451 2402 634 2466; x_wconf 82' lang='lat' dir='ltr'>aliquid</span> <span class='ocrx_word' id='word_1_174' title='bbox 671 2407 863 2451; x_wconf 81' lang='lat' dir='ltr'>saturus</span> <span class='ocrx_word' id='word_1_175' title='bbox 899 2401 1174 2468; x_wconf 83' lang='lat' dir='ltr'>Septembri</span> <span class='ocrx_word' id='word_1_176' title='bbox 1198 2420 1366 2454; x_wconf 87' lang='lat' dir='ltr'>mense</span> <span class='ocrx_word' id='word_1_177' title='bbox 1404 2406 1566 2454; x_wconf 81' lang='lat' dir='ltr'>timum</span> 
     </span>
    </p>
   </div>
   <div class='ocr_carea' id='block_1_12' title="bbox 99 2488 1566 2790">
    <p class='ocr_par' dir='ltr' id='par_1_12' title="bbox 99 2488 1566 2790">
     <span class='ocr_line' id='line_1_27' title="bbox 161 2488 825 2553; baseline 0.008 -18"><span class='ocrx_word' id='word_1_178' title='bbox 161 2488 315 2536; x_wconf 85' lang='lat' dir='ltr'>inaret</span> <span class='ocrx_word' id='word_1_179' title='bbox 353 2494 461 2553; x_wconf 89' lang='lat' dir='ltr'>post</span> <span class='ocrx_word' id='word_1_180' title='bbox 498 2490 698 2539; x_wconf 85' lang='lat' dir='ltr'>imbrem</span> <span class='ocrx_word' id='word_1_181' title='bbox 739 2489 825 2542; x_wconf 71' lang='lat' dir='ltr'>rel.</span> 
     </span>
     <span class='ocr_line' id='line_1_28' title="bbox 205 2575 1566 2635; baseline 0.004 -19"><span class='ocrx_word' id='word_1_182' title='bbox 205 2575 299 2616; x_wconf 86' lang='lat' dir='ltr'>Non</span> <span class='ocrx_word' id='word_1_183' title='bbox 341 2576 392 2617; x_wconf 90' lang='lat' dir='ltr'>de</span> <span class='ocrx_word' id='word_1_184' title='bbox 424 2577 629 2618; x_wconf 89' lang='lat' dir='ltr'>inarando</span> <span class='ocrx_word' id='word_1_185' title='bbox 661 2578 736 2619; x_wconf 88' lang='lat' dir='ltr'>sed</span> <span class='ocrx_word' id='word_1_186' title='bbox 777 2577 828 2619; x_wconf 91' lang='lat' dir='ltr'>de</span> <span class='ocrx_word' id='word_1_187' title='bbox 859 2578 1122 2633; x_wconf 88' lang='lat' dir='ltr'>disponendo</span> <span class='ocrx_word' id='word_1_188' title='bbox 1163 2579 1260 2620; x_wconf 89' lang='lat' dir='ltr'>fimo</span> <span class='ocrx_word' id='word_1_189' title='bbox 1292 2581 1451 2635; x_wconf 87' lang='lat' dir='ltr'>agitur,</span> <span class='ocrx_word' id='word_1_190' title='bbox 1488 2581 1566 2622; x_wconf 89' lang='lat' dir='ltr'>ita-</span> 
     </span>
     <span class='ocr_line' id='line_1_29' title="bbox 99 2655 1565 2714; baseline 0.005 -20"><span class='ocrx_word' id='word_1_191' title='bbox 99 2667 178 2708; x_wconf 91' lang='lat' dir='ltr'>que</span> <span class='ocrx_word' id='word_1_192' title='bbox 211 2668 304 2694; x_wconf 89' lang='lat' dir='ltr'>cum</span> <span class='ocrx_word' id='word_1_193' title='bbox 337 2655 457 2696; x_wconf 86' lang='lat' dir='ltr'>codd.</span> <span class='ocrx_word' id='word_1_194' title='bbox 488 2656 717 2711; x_wconf 90' lang='lat' dir='ltr'>legendum</span> <span class='ocrx_word' id='word_1_195' title='bbox 749 2661 814 2697; x_wconf 89' lang='lat' dir='ltr'>est</span> <span class='ocrx_word' id='word_1_196' title='bbox 844 2661 1024 2697; x_wconf 72' lang='lat' dir='ltr'>inarcuet</span> <span class='ocrx_word' id='word_1_197' title='bbox 1051 2657 1076 2697; x_wconf 93' lang='lat' dir='ltr'>i.</span> <span class='ocrx_word' id='word_1_198' title='bbox 1110 2670 1143 2698; x_wconf 92' lang='lat' dir='ltr'>e.</span> <span class='ocrx_word' id='word_1_199' title='bbox 1175 2658 1403 2699; x_wconf 83' lang='lat' dir='ltr'>acervatim</span> <span class='ocrx_word' id='word_1_200' title='bbox 1434 2666 1565 2714; x_wconf 88' lang='lat' dir='ltr'>ponat</span> 
     </span>
     <span class='ocr_line' id='line_1_30' title="bbox 101 2732 1159 2790; baseline 0.005 -19"><span class='ocrx_word' id='word_1_201' title='bbox 101 2732 308 2786; x_wconf 70' lang='lat' dir='ltr'>(inarynel</span> <span class='ocrx_word' id='word_1_202' title='bbox 337 2733 486 2774; x_wconf 83' lang='lat' dir='ltr'>litteris</span> <span class='ocrx_word' id='word_1_203' title='bbox 519 2749 540 2775; x_wconf 87' lang='lat' dir='ltr'>e</span> <span class='ocrx_word' id='word_1_204' title='bbox 572 2744 614 2775; x_wconf 84' lang='lat' dir='ltr'>et</span> <span class='ocrx_word' id='word_1_205' title='bbox 643 2749 683 2790; x_wconf 87' lang='lat' dir='ltr'>g,</span> <span class='ocrx_word' id='word_1_206' title='bbox 713 2739 760 2775; x_wconf 90' lang='lat' dir='ltr'>ut</span> <span class='ocrx_word' id='word_1_207' title='bbox 788 2735 846 2787; x_wconf 67' lang='lat' dir='ltr'>fit,</span> <span class='ocrx_word' id='word_1_208' title='bbox 876 2736 1159 2790; x_wconf 78' lang='lat' dir='ltr'>permutatis).</span> 
     </span>
    </p>
   </div>
   <div class='ocr_carea' id='block_1_13' title="bbox 163 2810 1565 2877">
    <p class='ocr_par' dir='ltr' id='par_1_13' title="bbox 163 2810 1565 2877">
     <span class='ocr_line' id='line_1_31' title="bbox 163 2810 1565 2877; baseline 0.006 -18"><span class='ocrx_word' id='word_1_209' title='bbox 163 2810 345 2860; x_wconf 87' lang='lat' dir='ltr'>lustum</span> <span class='ocrx_word' id='word_1_210' title='bbox 392 2818 466 2860; x_wconf 87' lang='lat' dir='ltr'>est</span> <span class='ocrx_word' id='word_1_211' title='bbox 518 2812 672 2862; x_wconf 83' lang='lat' dir='ltr'>vehes</span> <span class='ocrx_word' id='word_1_212' title='bbox 722 2813 998 2863; x_wconf 79' lang='lat' dir='ltr'>octodecim</span> <span class='ocrx_word' id='word_1_213' title='bbox 1042 2814 1215 2877; x_wconf 83' lang='lat' dir='ltr'>iugero</span> <span class='ocrx_word' id='word_1_214' title='bbox 1263 2817 1433 2876; x_wconf 85' lang='lat' dir='ltr'>tribui,</span> <span class='ocrx_word' id='word_1_215' title='bbox 1490 2821 1565 2868; x_wconf 85' lang='lat' dir='ltr'>di-</span> 
     </span>
    </p>
   </div>
  </div>
 </body>
</html>
