<?xml version="1.0" encoding="UTF-8"?>
<!DOCTYPE html PUBLIC "-//W3C//DTD XHTML 1.0 Transitional//EN"
    "http://www.w3.org/TR/xhtml1/DTD/xhtml1-transitional.dtd">
<html xmlns="http://www.w3.org/1999/xhtml" xml:lang="en" lang="en">
 <head>
  <title>
</title>
<meta http-equiv="Content-Type" content="text/html;charset=utf-8" />
  <meta name='ocr-system' content='tesseract 3.04.00' />
  <meta name='ocr-capabilities' content='ocr_page ocr_carea ocr_par ocr_line ocrx_word'/>
</head>
<body>
  <div class='ocr_page' id='page_1' title='image "./vindiciaeplinian00urliuoft_0333.png"; bbox 0 0 1914 3237; ppageno 0'>
   <div class='ocr_carea' id='block_1_1' title="bbox 756 185 1651 232">
    <p class='ocr_par' dir='ltr' id='par_1_1' title="bbox 756 185 1651 232">
     <span class='ocr_line' id='line_1_1' title="bbox 756 185 1651 232; baseline -0.003 -1"><span class='ocrx_word' id='word_1_1' title='bbox 756 193 873 232; x_wconf 77' lang='lat' dir='ltr'>Liber</span> <span class='ocrx_word' id='word_1_2' title='bbox 903 191 1011 231; x_wconf 84' lang='lat' dir='ltr'>XXI</span> <span class='ocrx_word' id='word_1_3' title='bbox 1024 191 1067 230; x_wconf 90' lang='lat' dir='ltr'>V.</span> <span class='ocrx_word' id='word_1_4' title='bbox 1572 185 1651 228; x_wconf 59' lang='lat'><strong>¹133</strong></span> 
     </span>
    </p>
   </div>
   <div class='ocr_carea' id='block_1_2' title="bbox 179 315 1650 529">
    <p class='ocr_par' dir='ltr' id='par_1_2' title="bbox 179 315 1650 529">
     <span class='ocr_line' id='line_1_2' title="bbox 187 315 1650 371; baseline -0.008 -5"><span class='ocrx_word' id='word_1_5' title='bbox 187 326 226 366; x_wconf 86' lang='grc' dir='ltr'>Θ</span> <span class='ocrx_word' id='word_1_6' title='bbox 254 322 315 371; x_wconf 92' lang='lat' dir='ltr'>V)</span> <span class='ocrx_word' id='word_1_7' title='bbox 367 326 557 364; x_wconf 79' lang='lat' dir='ltr'>odoratas</span> <span class='ocrx_word' id='word_1_8' title='bbox 601 322 641 362; x_wconf 93' lang='lat' dir='ltr'>in</span> <span class='ocrx_word' id='word_1_9' title='bbox 685 320 777 362; x_wconf 84' lang='lat' dir='ltr'>eod.</span> <span class='ocrx_word' id='word_1_10' title='bbox 811 333 856 371; x_wconf 88' lang='lat' dir='ltr'>a,</span> <span class='ocrx_word' id='word_1_11' title='bbox 902 327 939 359; x_wconf 81' lang='lat' dir='ltr'>et</span> <span class='ocrx_word' id='word_1_12' title='bbox 969 323 1107 360; x_wconf 71' lang='lat' dir='ltr'>(turim</span> <span class='ocrx_word' id='word_1_13' title='bbox 1139 322 1331 359; x_wconf 77' lang='lat' dir='ltr'>odoratus</span> <span class='ocrx_word' id='word_1_14' title='bbox 1360 318 1401 357; x_wconf 92' lang='lat' dir='ltr'>in</span> <span class='ocrx_word' id='word_1_15' title='bbox 1434 330 1452 356; x_wconf 87' lang='lat' dir='ltr'>r</span> <span class='ocrx_word' id='word_1_16' title='bbox 1484 317 1517 356; x_wconf 87' lang='grc' dir='ltr'><strong>Ε</strong></span> <span class='ocrx_word' id='word_1_17' title='bbox 1547 315 1650 370; x_wconf 85' lang='lat' dir='ltr'>legi-</span> 
     </span>
     <span class='ocr_line' id='line_1_3' title="bbox 184 395 1650 452; baseline -0.006 -10"><span class='ocrx_word' id='word_1_18' title='bbox 184 406 262 442; x_wconf 86' lang='lat' dir='ltr'>tur.</span> <span class='ocrx_word' id='word_1_19' title='bbox 321 399 596 442; x_wconf 83' lang='lat' dir='ltr'>Scribendum</span> <span class='ocrx_word' id='word_1_20' title='bbox 628 402 692 439; x_wconf 83' lang='lat' dir='ltr'>est</span> <span class='ocrx_word' id='word_1_21' title='bbox 736 398 863 452; x_wconf 84' lang='lat' dir='ltr'>igitur</span> <span class='ocrx_word' id='word_1_22' title='bbox 893 397 1031 437; x_wconf 86' lang='lat' dir='ltr'>verbis</span> <span class='ocrx_word' id='word_1_23' title='bbox 1062 401 1176 438; x_wconf 86' lang='lat' dir='ltr'>recte</span> <span class='ocrx_word' id='word_1_24' title='bbox 1208 395 1440 437; x_wconf 82' lang='lat' dir='ltr'>ordinatis:</span> <span class='ocrx_word' id='word_1_25' title='bbox 1488 409 1522 435; x_wconf 81' lang='lat' dir='ltr'>u.</span> <span class='ocrx_word' id='word_1_26' title='bbox 1554 406 1586 433; x_wconf 89' lang='lat' dir='ltr'>e.</span> <span class='ocrx_word' id='word_1_27' title='bbox 1617 406 1650 434; x_wconf 89' lang='lat' dir='ltr'>c.</span> 
     </span>
     <span class='ocr_line' id='line_1_4' title="bbox 179 477 1426 529; baseline -0.006 -10"><span class='ocrx_word' id='word_1_28' title='bbox 179 493 220 529; x_wconf 83' lang='lat' dir='ltr'>p.</span> <span class='ocrx_word' id='word_1_29' title='bbox 253 493 288 519; x_wconf 85' lang='grc' dir='ltr'>η.</span> <span class='ocrx_word' id='word_1_30' title='bbox 320 481 484 529; x_wconf 76' lang='lat' dir='ltr'><em>effluens</em></span> <span class='ocrx_word' id='word_1_31' title='bbox 513 484 548 517; x_wconf 79' lang='lat' dir='ltr'>et</span> <span class='ocrx_word' id='word_1_32' title='bbox 580 480 717 516; x_wconf 72' lang='lat' dir='ltr'>attritu</span> <span class='ocrx_word' id='word_1_33' title='bbox 749 479 941 516; x_wconf 76' lang='lat' dir='ltr'>odoratus</span> <span class='ocrx_word' id='word_1_34' title='bbox 972 488 1162 515; x_wconf 74' lang='lat' dir='ltr'>verrucas</span> <span class='ocrx_word' id='word_1_35' title='bbox 1190 488 1283 525; x_wconf 76' lang='lat' dir='ltr'>pap.</span> <span class='ocrx_word' id='word_1_36' title='bbox 1318 477 1426 514; x_wconf 71' lang='lat' dir='ltr'>tollit.</span> 
     </span>
    </p>
   </div>
   <div class='ocr_carea' id='block_1_3' title="bbox 247 552 1655 947">
    <p class='ocr_par' dir='ltr' id='par_1_3' title="bbox 247 552 1655 947">
     <span class='ocr_line' id='line_1_5' title="bbox 829 552 1000 593; baseline -0.018 0"><span class='ocrx_word' id='word_1_37' title='bbox 829 552 1000 593; x_wconf 85' lang='lat' dir='ltr'>Ibidem.</span> 
     </span>
     <span class='ocr_line' id='line_1_6' title="bbox 247 630 1653 697; baseline -0.004 -17"><span class='ocrx_word' id='word_1_38' title='bbox 247 631 422 697; x_wconf 86' lang='lat' dir='ltr'>Populi</span> <span class='ocrx_word' id='word_1_39' title='bbox 459 632 618 682; x_wconf 85' lang='lat' dir='ltr'>ferunt</span> <span class='ocrx_word' id='word_1_40' title='bbox 673 636 720 681; x_wconf 83' lang='lat' dir='ltr'>et</span> <span class='ocrx_word' id='word_1_41' title='bbox 756 631 801 679; x_wconf 86' lang='lat' dir='ltr'>in</span> <span class='ocrx_word' id='word_1_42' title='bbox 856 630 983 680; x_wconf 85' lang='lat' dir='ltr'>soliis</span> <span class='ocrx_word' id='word_1_43' title='bbox 1027 634 1214 694; x_wconf 77' lang='lat' dir='ltr'>guttam</span> <span class='ocrx_word' id='word_1_44' title='bbox 1272 645 1332 678; x_wconf 84' lang='lat' dir='ltr'>ex</span> <span class='ocrx_word' id='word_1_45' title='bbox 1386 643 1481 692; x_wconf 83' lang='lat' dir='ltr'>qua</span> <span class='ocrx_word' id='word_1_46' title='bbox 1535 642 1653 692; x_wconf 83' lang='lat' dir='ltr'>apes</span> 
     </span>
     <span class='ocr_line' id='line_1_7' title="bbox 249 720 1654 785; baseline -0.005 -15"><span class='ocrx_word' id='word_1_47' title='bbox 249 720 489 785; x_wconf 84' lang='lat' dir='ltr'>propolim</span> <span class='ocrx_word' id='word_1_48' title='bbox 535 721 739 780; x_wconf 75' lang='lat' dir='ltr'>faciunt3</span> <span class='ocrx_word' id='word_1_49' title='bbox 791 723 928 783; x_wconf 80' lang='lat' dir='ltr'>gutta.</span> <span class='ocrx_word' id='word_1_50' title='bbox 973 733 1170 782; x_wconf 85' lang='lat' dir='ltr'>quoque</span> <span class='ocrx_word' id='word_1_51' title='bbox 1224 731 1381 780; x_wconf 78' lang='lat' dir='ltr'>aeque</span> <span class='ocrx_word' id='word_1_52' title='bbox 1433 731 1490 764; x_wconf 82' lang='lat' dir='ltr'>ae</span> <span class='ocrx_word' id='word_1_53' title='bbox 1543 730 1654 779; x_wconf 91' lang='lat' dir='ltr'>pro-</span> 
     </span>
     <span class='ocr_line' id='line_1_8' title="bbox 252 807 871 873; baseline -0.005 -15"><span class='ocrx_word' id='word_1_54' title='bbox 252 808 376 873; x_wconf 87' lang='lat' dir='ltr'>polis</span> <span class='ocrx_word' id='word_1_55' title='bbox 414 825 475 857; x_wconf 86' lang='lat' dir='ltr'>ex</span> <span class='ocrx_word' id='word_1_56' title='bbox 512 823 639 872; x_wconf 81' lang='lat' dir='ltr'>aqua</span> <span class='ocrx_word' id='word_1_57' title='bbox 683 807 871 856; x_wconf 80' lang='lat' dir='ltr'>efficax.</span> 
     </span>
     <span class='ocr_line' id='line_1_9' title="bbox 296 889 1655 947; baseline -0.003 -13"><span class='ocrx_word' id='word_1_58' title='bbox 296 910 426 946; x_wconf 78' lang='lat' dir='ltr'>aquae</span> <span class='ocrx_word' id='word_1_59' title='bbox 458 900 639 947; x_wconf 72' lang='lat' dir='ltr'>propolis</span> <span class='ocrx_word' id='word_1_60' title='bbox 670 894 759 935; x_wconf 83' lang='lat' dir='ltr'>VT</span> <span class='ocrx_word' id='word_1_61' title='bbox 778 893 826 947; x_wconf 88' lang='lat' dir='ltr'>d,</span> <span class='ocrx_word' id='word_1_62' title='bbox 883 895 925 935; x_wconf 88' lang='lat' dir='ltr'>in</span> <span class='ocrx_word' id='word_1_63' title='bbox 962 908 986 935; x_wconf 84' lang='lat' dir='ltr'>a</span> <span class='ocrx_word' id='word_1_64' title='bbox 1024 894 1176 935; x_wconf 80' lang='lat' dir='ltr'>lacuna</span> <span class='ocrx_word' id='word_1_65' title='bbox 1206 891 1370 933; x_wconf 88' lang='lat' dir='ltr'>videtur</span> <span class='ocrx_word' id='word_1_66' title='bbox 1414 890 1578 942; x_wconf 83' lang='lat' dir='ltr'>inesse,</span> <span class='ocrx_word' id='word_1_67' title='bbox 1619 889 1655 930; x_wconf 87' lang='lat' dir='ltr'>si</span> 
     </span>
    </p>
   </div>
   <div class='ocr_carea' id='block_1_4' title="bbox 182 965 1654 1106">
    <p class='ocr_par' dir='ltr' id='par_1_4' title="bbox 182 965 1654 1106">
     <span class='ocr_line' id='line_1_10' title="bbox 182 965 1654 1028; baseline -0.005 -13"><span class='ocrx_word' id='word_1_68' title='bbox 182 973 307 1015; x_wconf 90' lang='lat' dir='ltr'>modo</span> <span class='ocrx_word' id='word_1_69' title='bbox 338 978 452 1014; x_wconf 81' lang='lat' dir='ltr'>reete</span> <span class='ocrx_word' id='word_1_70' title='bbox 485 973 524 1026; x_wconf 87' lang='lat' dir='ltr'>d,</span> <span class='ocrx_word' id='word_1_71' title='bbox 556 973 667 1028; x_wconf 92' lang='lat' dir='ltr'>quod</span> <span class='ocrx_word' id='word_1_72' title='bbox 699 978 762 1013; x_wconf 82' lang='lat' dir='ltr'>est</span> <span class='ocrx_word' id='word_1_73' title='bbox 795 972 907 1027; x_wconf 87' lang='lat' dir='ltr'>apud</span> <span class='ocrx_word' id='word_1_74' title='bbox 939 972 1040 1025; x_wconf 83' lang='lat' dir='ltr'>Sill.,</span> <span class='ocrx_word' id='word_1_75' title='bbox 1072 973 1113 1013; x_wconf 90' lang='lat' dir='ltr'>in</span> <span class='ocrx_word' id='word_1_76' title='bbox 1147 985 1171 1011; x_wconf 89' lang='lat' dir='ltr'>a</span> <span class='ocrx_word' id='word_1_77' title='bbox 1200 976 1326 1011; x_wconf 89' lang='lat' dir='ltr'>muto.</span> <span class='ocrx_word' id='word_1_78' title='bbox 1376 965 1654 1010; x_wconf 84' lang='lat' dir='ltr'>Scribendum</span> 
     </span>
     <span class='ocr_line' id='line_1_11' title="bbox 184 1047 1653 1106; baseline -0.004 -14"><span class='ocrx_word' id='word_1_79' title='bbox 184 1055 248 1092; x_wconf 82' lang='lat' dir='ltr'>est</span> <span class='ocrx_word' id='word_1_80' title='bbox 277 1051 425 1106; x_wconf 89' lang='lat' dir='ltr'>igitur:</span> <span class='ocrx_word' id='word_1_81' title='bbox 472 1060 584 1102; x_wconf 62' lang='lat' dir='ltr'>(sulm</span> <span class='ocrx_word' id='word_1_82' title='bbox 616 1065 770 1102; x_wconf 78' lang='lat' dir='ltr'>quoqne</span> <span class='ocrx_word' id='word_1_83' title='bbox 800 1058 956 1101; x_wconf 76' lang='lat' dir='ltr'>alque</span> <span class='ocrx_word' id='word_1_84' title='bbox 982 1064 1100 1102; x_wconf 76' lang='lat' dir='ltr'>prop.</span> <span class='ocrx_word' id='word_1_85' title='bbox 1131 1063 1164 1089; x_wconf 90' lang='lat' dir='ltr'>e.</span> <span class='ocrx_word' id='word_1_86' title='bbox 1195 1064 1231 1089; x_wconf 73' lang='lat' dir='ltr'>a.</span> <span class='ocrx_word' id='word_1_87' title='bbox 1264 1062 1295 1089; x_wconf 83' lang='lat' dir='ltr'>e.</span> <span class='ocrx_word' id='word_1_88' title='bbox 1341 1047 1406 1088; x_wconf 78' lang='lat' dir='ltr'>Ita</span> <span class='ocrx_word' id='word_1_89' title='bbox 1436 1054 1550 1087; x_wconf 74' lang='lat' dir='ltr'>lurae</span> <span class='ocrx_word' id='word_1_90' title='bbox 1578 1060 1653 1100; x_wconf 90' lang='lat' dir='ltr'>pro</span> 
     </span>
    </p>
   </div>
   <div class='ocr_carea' id='block_1_5' title="bbox 183 1128 600 1182">
    <p class='ocr_par' dir='ltr' id='par_1_5' title="bbox 183 1128 600 1182">
     <span class='ocr_line' id='line_1_12' title="bbox 183 1128 600 1182; baseline -0.002 -13"><span class='ocrx_word' id='word_1_91' title='bbox 183 1136 269 1169; x_wconf 83' lang='lat' dir='ltr'>ture</span> <span class='ocrx_word' id='word_1_92' title='bbox 297 1129 338 1169; x_wconf 93' lang='lat' dir='ltr'>in</span> <span class='ocrx_word' id='word_1_93' title='bbox 369 1128 408 1168; x_wconf 94' lang='lat' dir='ltr'><strong>V</strong></span> <span class='ocrx_word' id='word_1_94' title='bbox 439 1128 600 1182; x_wconf 64' lang='lat'>§.102</span> 
     </span>
    </p>
   </div>
   <div class='ocr_carea' id='block_1_6' title="bbox 1681 546 1762 587">
    <p class='ocr_par' dir='ltr' id='par_1_6' title="bbox 1681 546 1762 587">
     <span class='ocr_line' id='line_1_13' title="bbox 1681 546 1762 587; baseline -0.012 0"><span class='ocrx_word' id='word_1_95' title='bbox 1681 546 1762 587; x_wconf 79' lang='lat'>514</span> 
     </span>
    </p>
   </div>
   <div class='ocr_carea' id='block_1_7' title="bbox 776 1214 1764 1275">
    <p class='ocr_par' dir='ltr' id='par_1_7' title="bbox 776 1214 1764 1275">
     <span class='ocr_line' id='line_1_14' title="bbox 776 1214 1764 1275; baseline -0.009 -9"><span class='ocrx_word' id='word_1_96' title='bbox 776 1221 900 1266; x_wconf 71' lang='lat'>67:</span> <span class='ocrx_word' id='word_1_97' title='bbox 931 1220 1057 1275; x_wconf 77' lang='lat'><strong>9,41.</strong></span> <span class='ocrx_word' id='word_1_98' title='bbox 1572 1214 1764 1258; x_wconf 75' lang='lat'>515—18</span> 
     </span>
    </p>
   </div>
   <div class='ocr_carea' id='block_1_8' title="bbox 175 1301 1654 2622">
    <p class='ocr_par' dir='ltr' id='par_1_8' title="bbox 175 1301 1654 2622">
     <span class='ocr_line' id='line_1_15' title="bbox 250 1301 1652 1366; baseline 0.001 -15"><span class='ocrx_word' id='word_1_99' title='bbox 250 1301 478 1366; x_wconf 83' lang='lat' dir='ltr'>Myrioen,</span> <span class='ocrx_word' id='word_1_100' title='bbox 517 1317 659 1366; x_wconf 82' lang='lat' dir='ltr'>quam</span> <span class='ocrx_word' id='word_1_101' title='bbox 705 1304 883 1353; x_wconf 82' lang='lat' dir='ltr'>ericam</span> <span class='ocrx_word' id='word_1_102' title='bbox 923 1310 1125 1361; x_wconf 70' lang='lat' dir='ltr'>vocant,</span> <span class='ocrx_word' id='word_1_103' title='bbox 1186 1302 1408 1352; x_wconf 72' lang='lat' dir='ltr'>Lenaeus</span> <span class='ocrx_word' id='word_1_104' title='bbox 1447 1302 1652 1353; x_wconf 81' lang='lat' dir='ltr'>similem</span> 
     </span>
     <span class='ocr_line' id='line_1_16' title="bbox 252 1385 719 1455; baseline 0.004 -16"><span class='ocrx_word' id='word_1_105' title='bbox 252 1391 417 1455; x_wconf 78' lang='lat' dir='ltr'>scopis</span> <span class='ocrx_word' id='word_1_106' title='bbox 454 1385 719 1441; x_wconf 63' lang='lat' dir='ltr'>Amerinis</span> 
     </span>
     <span class='ocr_line' id='line_1_17' title="bbox 295 1478 1654 1534; baseline -0.001 -13"><span class='ocrx_word' id='word_1_107' title='bbox 295 1478 542 1521; x_wconf 82' lang='lat' dir='ltr'>Orationem</span> <span class='ocrx_word' id='word_1_108' title='bbox 575 1479 634 1519; x_wconf 89' lang='lat' dir='ltr'>ita</span> <span class='ocrx_word' id='word_1_109' title='bbox 664 1493 746 1520; x_wconf 91' lang='lat' dir='ltr'>non</span> <span class='ocrx_word' id='word_1_110' title='bbox 778 1480 1004 1520; x_wconf 79' lang='lat' dir='ltr'>cohaerere</span> <span class='ocrx_word' id='word_1_111' title='bbox 1037 1480 1127 1534; x_wconf 85' lang='lat' dir='ltr'>ipse</span> <span class='ocrx_word' id='word_1_112' title='bbox 1158 1479 1244 1521; x_wconf 90' lang='lat' dir='ltr'>Sill.</span> <span class='ocrx_word' id='word_1_113' title='bbox 1277 1478 1422 1530; x_wconf 80' lang='lat' dir='ltr'>sensit,</span> <span class='ocrx_word' id='word_1_114' title='bbox 1454 1479 1542 1519; x_wconf 84' lang='lat' dir='ltr'>Ian.</span> <span class='ocrx_word' id='word_1_115' title='bbox 1577 1483 1654 1520; x_wconf 81' lang='lat' dir='ltr'>iam</span> 
     </span>
     <span class='ocr_line' id='line_1_18' title="bbox 184 1556 1653 1611; baseline 0.001 -15"><span class='ocrx_word' id='word_1_116' title='bbox 184 1556 377 1608; x_wconf 81' lang='lat' dir='ltr'>coniecit,</span> <span class='ocrx_word' id='word_1_117' title='bbox 408 1556 573 1597; x_wconf 82' lang='lat' dir='ltr'>facilius</span> <span class='ocrx_word' id='word_1_118' title='bbox 608 1557 660 1598; x_wconf 85' lang='lat' dir='ltr'>ad</span> <span class='ocrx_word' id='word_1_119' title='bbox 692 1571 862 1598; x_wconf 85' lang='lat' dir='ltr'>sensum</span> <span class='ocrx_word' id='word_1_120' title='bbox 895 1564 935 1598; x_wconf 87' lang='lat' dir='ltr'>et</span> <span class='ocrx_word' id='word_1_121' title='bbox 965 1558 1081 1598; x_wconf 83' lang='lat' dir='ltr'>libris</span> <span class='ocrx_word' id='word_1_122' title='bbox 1099 1557 1218 1598; x_wconf 73' lang='lat' dir='ltr'><strong>MSS.</strong></span> <span class='ocrx_word' id='word_1_123' title='bbox 1252 1570 1385 1611; x_wconf 85' lang='lat' dir='ltr'>aeque</span> <span class='ocrx_word' id='word_1_124' title='bbox 1417 1570 1653 1598; x_wconf 83' lang='lat' dir='ltr'>accommo-</span> 
     </span>
     <span class='ocr_line' id='line_1_19' title="bbox 185 1632 1652 1687; baseline 0.001 -12"><span class='ocrx_word' id='word_1_125' title='bbox 185 1634 329 1675; x_wconf 86' lang='lat' dir='ltr'>datum</span> <span class='ocrx_word' id='word_1_126' title='bbox 350 1637 471 1685; x_wconf 86' lang='lat' dir='ltr'>(nam</span> <span class='ocrx_word' id='word_1_127' title='bbox 490 1640 726 1675; x_wconf 78' lang='lat' dir='ltr'>camericam</span> <span class='ocrx_word' id='word_1_128' title='bbox 760 1632 919 1676; x_wconf 84' lang='lat' dir='ltr'>habent</span> <span class='ocrx_word' id='word_1_129' title='bbox 941 1638 979 1678; x_wconf 86' lang='grc' dir='ltr'>Θ</span> <span class='ocrx_word' id='word_1_130' title='bbox 999 1635 1034 1675; x_wconf 91' lang='lat' dir='ltr'>V</span> <span class='ocrx_word' id='word_1_131' title='bbox 1053 1635 1086 1675; x_wconf 82' lang='lat' dir='ltr'><strong>T</strong></span> <span class='ocrx_word' id='word_1_132' title='bbox 1109 1635 1148 1687; x_wconf 89' lang='lat' dir='ltr'>d,</span> <span class='ocrx_word' id='word_1_133' title='bbox 1180 1649 1266 1674; x_wconf 79' lang='lat' dir='ltr'>eum</span> <span class='ocrx_word' id='word_1_134' title='bbox 1291 1640 1437 1675; x_wconf 69' lang='lat' dir='ltr'>ericam</span> <span class='ocrx_word' id='word_1_135' title='bbox 1471 1636 1517 1687; x_wconf 88' lang='lat' dir='ltr'>a)</span> <span class='ocrx_word' id='word_1_136' title='bbox 1554 1637 1652 1676; x_wconf 89' lang='lat' dir='ltr'>erit:</span> 
     </span>
     <span class='ocr_line' id='line_1_20' title="bbox 175 1697 1652 1767; baseline 0.001 -15"><span class='ocrx_word' id='word_1_137' title='bbox 175 1697 364 1764; x_wconf 59' lang='lat' dir='ltr'>Myr-icen</span> <span class='ocrx_word' id='word_1_138' title='bbox 397 1717 512 1752; x_wconf 76' lang='lat' dir='ltr'>eliam</span> <span class='ocrx_word' id='word_1_139' title='bbox 544 1726 574 1753; x_wconf 91' lang='lat' dir='ltr'>e.</span> <span class='ocrx_word' id='word_1_140' title='bbox 607 1727 640 1752; x_wconf 59' lang='grc' dir='ltr'>ι’.</span> <span class='ocrx_word' id='word_1_141' title='bbox 671 1713 719 1767; x_wconf 94' lang='grc'>8.</span> <span class='ocrx_word' id='word_1_142' title='bbox 751 1713 803 1756; x_wconf 80' lang='lat'>68</span> <span class='ocrx_word' id='word_1_143' title='bbox 834 1715 962 1754; x_wconf 85' lang='lat' dir='ltr'>ceteri</span> <span class='ocrx_word' id='word_1_144' title='bbox 1003 1713 1123 1756; x_wconf 84' lang='lat' dir='ltr'>codd.</span> <span class='ocrx_word' id='word_1_145' title='bbox 1164 1712 1322 1753; x_wconf 82' lang='lat' dir='ltr'>habent</span> <span class='ocrx_word' id='word_1_146' title='bbox 1356 1717 1492 1762; x_wconf 70' lang='lat' dir='ltr'>yravis</span> <span class='ocrx_word' id='word_1_147' title='bbox 1525 1722 1652 1754; x_wconf 70' lang='lat' dir='ltr'>aulem</span> 
     </span>
     <span class='ocr_line' id='line_1_21' title="bbox 183 1792 1653 1846; baseline 0.001 -16"><span class='ocrx_word' id='word_1_148' title='bbox 183 1799 344 1841; x_wconf 79' lang='lat' dir='ltr'>auclor,</span> <span class='ocrx_word' id='word_1_149' title='bbox 391 1803 416 1830; x_wconf 84' lang='lat' dir='ltr'>a</span> <span class='ocrx_word' id='word_1_150' title='bbox 443 1795 581 1840; x_wconf 60' lang='grc' dir='ltr'>φανεὶς</span> <span class='ocrx_word' id='word_1_151' title='bbox 612 1801 772 1844; x_wconf 74' lang='lat' dir='ltr'>auctor,</span> <span class='ocrx_word' id='word_1_152' title='bbox 820 1792 989 1832; x_wconf 84' lang='lat' dir='ltr'>nomine</span> <span class='ocrx_word' id='word_1_153' title='bbox 1022 1792 1175 1846; x_wconf 88' lang='lat' dir='ltr'>quippe</span> <span class='ocrx_word' id='word_1_154' title='bbox 1215 1793 1382 1845; x_wconf 88' lang='lat' dir='ltr'>proprio</span> <span class='ocrx_word' id='word_1_155' title='bbox 1417 1805 1499 1832; x_wconf 91' lang='lat' dir='ltr'>non</span> <span class='ocrx_word' id='word_1_156' title='bbox 1531 1792 1653 1833; x_wconf 89' lang='lat' dir='ltr'>intel-</span> 
     </span>
     <span class='ocr_line' id='line_1_22' title="bbox 184 1868 1652 1923; baseline 0.002 -16"><span class='ocrx_word' id='word_1_157' title='bbox 184 1868 306 1910; x_wconf 83' lang='lat' dir='ltr'>lecto.</span> <span class='ocrx_word' id='word_1_158' title='bbox 340 1868 485 1908; x_wconf 84' lang='lat' dir='ltr'>Scribo</span> <span class='ocrx_word' id='word_1_159' title='bbox 516 1874 653 1918; x_wconf 71' lang='lat' dir='ltr'>yrave&#39;s</span> <span class='ocrx_word' id='word_1_160' title='bbox 685 1872 1041 1910; x_wconf 69' lang='lat' dir='ltr'>Erastszratus</span> <span class='ocrx_word' id='word_1_161' title='bbox 1072 1878 1225 1910; x_wconf 77' lang='lat' dir='ltr'>auctor.</span> <span class='ocrx_word' id='word_1_162' title='bbox 1256 1869 1293 1923; x_wconf 93' lang='grc'>8.</span> <span class='ocrx_word' id='word_1_163' title='bbox 1324 1870 1377 1911; x_wconf 65' lang='grc'>83</span> <span class='ocrx_word' id='word_1_164' title='bbox 1407 1869 1494 1910; x_wconf 63' lang='lat' dir='ltr'>Sill.</span> <span class='ocrx_word' id='word_1_165' title='bbox 1526 1870 1652 1911; x_wconf 89' lang='lat' dir='ltr'>inter-</span> 
     </span>
     <span class='ocr_line' id='line_1_23' title="bbox 183 1946 1651 2002; baseline 0.003 -17"><span class='ocrx_word' id='word_1_166' title='bbox 183 1946 368 2000; x_wconf 76' lang='lat' dir='ltr'>polavit‚¹</span> <span class='ocrx_word' id='word_1_167' title='bbox 410 1960 492 1986; x_wconf 91' lang='lat' dir='ltr'>non</span> <span class='ocrx_word' id='word_1_168' title='bbox 536 1947 718 1987; x_wconf 78' lang='lat' dir='ltr'>correxit</span> <span class='ocrx_word' id='word_1_169' title='bbox 749 1946 895 1987; x_wconf 74' lang='lat' dir='ltr'>Ianus:</span> <span class='ocrx_word' id='word_1_170' title='bbox 958 1948 1149 1988; x_wconf 83' lang='lat' dir='ltr'>mutilam</span> <span class='ocrx_word' id='word_1_171' title='bbox 1182 1961 1277 1988; x_wconf 85' lang='lat' dir='ltr'>esse</span> <span class='ocrx_word' id='word_1_172' title='bbox 1311 1949 1547 1988; x_wconf 86' lang='lat' dir='ltr'>orationem</span> <span class='ocrx_word' id='word_1_173' title='bbox 1581 1962 1651 2002; x_wconf 84' lang='lat' dir='ltr'>ap-</span> 
     </span>
     <span class='ocr_line' id='line_1_24' title="bbox 184 2020 1652 2082; baseline 0.002 -19"><span class='ocrx_word' id='word_1_174' title='bbox 184 2028 318 2078; x_wconf 79' lang='lat' dir='ltr'>paret.</span> <span class='ocrx_word' id='word_1_175' title='bbox 377 2023 523 2064; x_wconf 84' lang='lat' dir='ltr'>Talem</span> <span class='ocrx_word' id='word_1_176' title='bbox 554 2025 748 2065; x_wconf 78' lang='lat' dir='ltr'>lacunam</span> <span class='ocrx_word' id='word_1_177' title='bbox 781 2025 818 2079; x_wconf 89' lang='grc'>8.</span> <span class='ocrx_word' id='word_1_178' title='bbox 836 2026 901 2082; x_wconf 58' lang='grc'>&gt;92</span> <span class='ocrx_word' id='word_1_179' title='bbox 933 2020 1073 2066; x_wconf 76' lang='lat' dir='ltr'>{nesse</span> <span class='ocrx_word' id='word_1_180' title='bbox 1113 2026 1297 2066; x_wconf 83' lang='lat' dir='ltr'>editores</span> <span class='ocrx_word' id='word_1_181' title='bbox 1331 2032 1652 2080; x_wconf 81' lang='lat' dir='ltr'>perspexerunt,</span> 
     </span>
     <span class='ocr_line' id='line_1_25' title="bbox 184 2101 1652 2157; baseline 0.002 -16"><span class='ocrx_word' id='word_1_182' title='bbox 184 2115 309 2156; x_wconf 86' lang='lat' dir='ltr'>quam</span> <span class='ocrx_word' id='word_1_183' title='bbox 343 2101 537 2156; x_wconf 89' lang='lat' dir='ltr'>equidem</span> <span class='ocrx_word' id='word_1_184' title='bbox 569 2116 653 2142; x_wconf 88' lang='lat' dir='ltr'>non</span> <span class='ocrx_word' id='word_1_185' title='bbox 684 2108 780 2157; x_wconf 85' lang='lat' dir='ltr'>post</span> <span class='ocrx_word' id='word_1_186' title='bbox 800 2118 838 2144; x_wconf 89' lang='lat' dir='ltr'>v.</span> <span class='ocrx_word' id='word_1_187' title='bbox 871 2112 1013 2143; x_wconf 72' lang='lat' dir='ltr'>vocam</span> <span class='ocrx_word' id='word_1_188' title='bbox 1044 2103 1117 2143; x_wconf 85' lang='lat' dir='ltr'>sed</span> <span class='ocrx_word' id='word_1_189' title='bbox 1149 2108 1244 2157; x_wconf 87' lang='lat' dir='ltr'>post</span> <span class='ocrx_word' id='word_1_190' title='bbox 1263 2118 1300 2144; x_wconf 90' lang='lat' dir='ltr'>v.</span> <span class='ocrx_word' id='word_1_191' title='bbox 1333 2112 1444 2143; x_wconf 76' lang='lat' dir='ltr'>aceto</span> <span class='ocrx_word' id='word_1_192' title='bbox 1476 2104 1535 2144; x_wconf 87' lang='lat' dir='ltr'>ita</span> <span class='ocrx_word' id='word_1_193' title='bbox 1564 2104 1652 2144; x_wconf 88' lang='lat' dir='ltr'>fere</span> 
     </span>
     <span class='ocr_line' id='line_1_26' title="bbox 184 2179 1653 2234; baseline 0.002 -15"><span class='ocrx_word' id='word_1_194' title='bbox 184 2179 440 2234; x_wconf 83' lang='lat' dir='ltr'>explendam</span> <span class='ocrx_word' id='word_1_195' title='bbox 473 2193 567 2220; x_wconf 85' lang='lat' dir='ltr'>esse</span> <span class='ocrx_word' id='word_1_196' title='bbox 599 2194 620 2220; x_wconf 89' lang='lat' dir='ltr'>e</span> <span class='ocrx_word' id='word_1_197' title='bbox 648 2180 908 2221; x_wconf 85' lang='lat' dir='ltr'>Dioscoridis</span> <span class='ocrx_word' id='word_1_198' title='bbox 941 2181 1032 2221; x_wconf 87' lang='lat' dir='ltr'>loeo</span> <span class='ocrx_word' id='word_1_199' title='bbox 1050 2181 1082 2221; x_wconf 92' lang='grc' dir='ltr'>Ι.</span> <span class='ocrx_word' id='word_1_200' title='bbox 1109 2181 1181 2223; x_wconf 80' lang='grc'>147</span> <span class='ocrx_word' id='word_1_201' title='bbox 1213 2180 1409 2221; x_wconf 79' lang='lat' dir='ltr'>arbitror:</span> <span class='ocrx_word' id='word_1_202' title='bbox 1443 2185 1536 2221; x_wconf 74' lang='lat' dir='ltr'>[rim</span> <span class='ocrx_word' id='word_1_203' title='bbox 1567 2195 1653 2222; x_wconf 79' lang='lat' dir='ltr'>cum</span> 
     </span>
     <span class='ocr_line' id='line_1_27' title="bbox 182 2262 1652 2310; baseline 0.003 -14"><span class='ocrx_word' id='word_1_204' title='bbox 182 2262 290 2297; x_wconf 84' lang='lat' dir='ltr'>melle</span> <span class='ocrx_word' id='word_1_205' title='bbox 320 2266 355 2296; x_wconf 87' lang='lat' dir='ltr'>et</span> <span class='ocrx_word' id='word_1_206' title='bbox 384 2262 481 2298; x_wconf 74' lang='lat' dir='ltr'>illita</span> <span class='ocrx_word' id='word_1_207' title='bbox 512 2271 597 2297; x_wconf 77' lang='lat' dir='ltr'>cum</span> <span class='ocrx_word' id='word_1_208' title='bbox 630 2266 742 2298; x_wconf 80' lang='lat' dir='ltr'>aceto</span> <span class='ocrx_word' id='word_1_209' title='bbox 767 2263 1012 2310; x_wconf 62' lang='lat' dir='ltr'>plerygsia</span> <span class='ocrx_word' id='word_1_210' title='bbox 1042 2273 1475 2309; x_wconf 65' lang='lat' dir='ltr'>qanqraetzasque</span> <span class='ocrx_word' id='word_1_211' title='bbox 1514 2263 1652 2301; x_wconf 73' lang='lat' dir='ltr'>colei-</span> 
     </span>
     <span class='ocr_line' id='line_1_28' title="bbox 183 2335 1654 2391; baseline 0.003 -17"><span class='ocrx_word' id='word_1_212' title='bbox 183 2338 302 2374; x_wconf 70' lang='lat' dir='ltr'>benl</span> <span class='ocrx_word' id='word_1_213' title='bbox 347 2349 428 2375; x_wconf 90' lang='lat' dir='ltr'>uno</span> <span class='ocrx_word' id='word_1_214' title='bbox 475 2349 598 2375; x_wconf 85' lang='lat' dir='ltr'>versu</span> <span class='ocrx_word' id='word_1_215' title='bbox 629 2335 778 2376; x_wconf 85' lang='lat' dir='ltr'>XXIX</span> <span class='ocrx_word' id='word_1_216' title='bbox 827 2337 1057 2377; x_wconf 70' lang='lat' dir='ltr'>litterarum</span> <span class='ocrx_word' id='word_1_217' title='bbox 1104 2338 1312 2379; x_wconf 86' lang='lat' dir='ltr'>restituto.</span> <span class='ocrx_word' id='word_1_218' title='bbox 1373 2337 1409 2391; x_wconf 92' lang='grc'>8.</span> <span class='ocrx_word' id='word_1_219' title='bbox 1442 2338 1495 2380; x_wconf 75' lang='lat'>94</span> <span class='ocrx_word' id='word_1_220' title='bbox 1520 2338 1654 2379; x_wconf 86' lang='lat' dir='ltr'>obiter</span> 
     </span>
     <span class='ocr_line' id='line_1_29' title="bbox 182 2414 1650 2466; baseline 0.002 -14"><span class='ocrx_word' id='word_1_221' title='bbox 182 2426 334 2453; x_wconf 87' lang='lat' dir='ltr'>moneo</span> <span class='ocrx_word' id='word_1_222' title='bbox 366 2426 450 2453; x_wconf 89' lang='lat' dir='ltr'>non</span> <span class='ocrx_word' id='word_1_223' title='bbox 481 2417 776 2465; x_wconf 70' lang='lat' dir='ltr'>eryzhrodmms</span> <span class='ocrx_word' id='word_1_224' title='bbox 807 2414 881 2454; x_wconf 87' lang='lat' dir='ltr'>sed</span> <span class='ocrx_word' id='word_1_225' title='bbox 911 2418 1221 2466; x_wconf 67' lang='lat' dir='ltr'>erythrodmzmn</span> <span class='ocrx_word' id='word_1_226' title='bbox 1247 2415 1515 2456; x_wconf 79' lang='lat' dir='ltr'>scribendum</span> <span class='ocrx_word' id='word_1_227' title='bbox 1535 2429 1650 2457; x_wconf 82' lang='lat' dir='ltr'>esse:</span> 
     </span>
     <span class='ocr_line' id='line_1_30' title="bbox 186 2490 1652 2545; baseline 0.003 -15"><span class='ocrx_word' id='word_1_228' title='bbox 186 2491 266 2531; x_wconf 85' lang='lat' dir='ltr'>hoc</span> <span class='ocrx_word' id='word_1_229' title='bbox 298 2490 409 2531; x_wconf 89' lang='lat' dir='ltr'>enim</span> <span class='ocrx_word' id='word_1_230' title='bbox 441 2504 576 2545; x_wconf 84' lang='lat' dir='ltr'>genus</span> <span class='ocrx_word' id='word_1_231' title='bbox 607 2496 648 2531; x_wconf 89' lang='lat' dir='ltr'>et</span> <span class='ocrx_word' id='word_1_232' title='bbox 677 2491 950 2532; x_wconf 80' lang='lat' dir='ltr'>Dioscorides</span> <span class='ocrx_word' id='word_1_233' title='bbox 973 2492 1045 2534; x_wconf 90' lang='grc' dir='ltr'>ΠΙ.</span> <span class='ocrx_word' id='word_1_234' title='bbox 1080 2493 1159 2535; x_wconf 82' lang='lat'>150</span> <span class='ocrx_word' id='word_1_235' title='bbox 1189 2499 1230 2533; x_wconf 85' lang='lat' dir='ltr'>et</span> <span class='ocrx_word' id='word_1_236' title='bbox 1261 2498 1403 2534; x_wconf 86' lang='lat' dir='ltr'>nostro</span> <span class='ocrx_word' id='word_1_237' title='bbox 1437 2494 1528 2534; x_wconf 85' lang='lat' dir='ltr'>loco</span> <span class='ocrx_word' id='word_1_238' title='bbox 1560 2493 1652 2534; x_wconf 87' lang='lat' dir='ltr'>libri</span> 
     </span>
     <span class='ocr_line' id='line_1_31' title="bbox 183 2567 556 2622; baseline -0.003 -13"><span class='ocrx_word' id='word_1_239' title='bbox 183 2568 303 2610; x_wconf 79' lang='lat' dir='ltr'>MSS.</span> <span class='ocrx_word' id='word_1_240' title='bbox 336 2567 556 2622; x_wconf 85' lang='lat' dir='ltr'>praebent.</span> 
     </span>
    </p>
   </div>
   <div class='ocr_carea' id='block_1_9' title="bbox 250 2652 1647 2879">
    <p class='ocr_par' dir='ltr' id='par_1_9' title="bbox 250 2652 1647 2879">
     <span class='ocr_line' id='line_1_32' title="bbox 756 2652 1071 2706; baseline 0 -9"><span class='ocrx_word' id='word_1_241' title='bbox 756 2653 816 2697; x_wconf 73' lang='grc'>99</span> <span class='ocrx_word' id='word_1_242' title='bbox 837 2671 895 2690; x_wconf 76' lang='lat' dir='ltr'><strong><em>z</em></strong></span> <span class='ocrx_word' id='word_1_243' title='bbox 919 2652 933 2696; x_wconf 86' lang='grc'>1</span> <span class='ocrx_word' id='word_1_244' title='bbox 952 2653 1071 2706; x_wconf 75' lang='grc' dir='ltr'>ξ1,59.</span> 
     </span>
     <span class='ocr_line' id='line_1_33' title="bbox 250 2735 1412 2800; baseline 0.002 -18"><span class='ocrx_word' id='word_1_245' title='bbox 250 2735 350 2783; x_wconf 79' lang='lat' dir='ltr'>Ros</span> <span class='ocrx_word' id='word_1_246' title='bbox 389 2735 620 2783; x_wconf 77' lang='lat' dir='ltr'>marinum</span> <span class='ocrx_word' id='word_1_247' title='bbox 659 2740 746 2784; x_wconf 83' lang='lat' dir='ltr'>est.</span> <span class='ocrx_word' id='word_1_248' title='bbox 822 2735 926 2785; x_wconf 83' lang='lat' dir='ltr'>Duo</span> <span class='ocrx_word' id='word_1_249' title='bbox 964 2751 1150 2800; x_wconf 75' lang='lat' dir='ltr'>genera</span> <span class='ocrx_word' id='word_1_250' title='bbox 1188 2736 1291 2785; x_wconf 81' lang='lat' dir='ltr'>eius</span> <span class='ocrx_word' id='word_1_251' title='bbox 1329 2735 1412 2784; x_wconf 88' lang='lat' dir='ltr'>rel.</span> 
     </span>
     <span class='ocr_line' id='line_1_34' title="bbox 290 2822 1647 2879; baseline 0.001 -17"><span class='ocrx_word' id='word_1_252' title='bbox 290 2822 431 2863; x_wconf 86' lang='lat' dir='ltr'>Primo</span> <span class='ocrx_word' id='word_1_253' title='bbox 470 2823 675 2865; x_wconf 83' lang='lat' dir='ltr'>vocabulo</span> <span class='ocrx_word' id='word_1_254' title='bbox 710 2825 834 2864; x_wconf 81' lang='lat' dir='ltr'>[anus</span> <span class='ocrx_word' id='word_1_255' title='bbox 875 2823 1051 2865; x_wconf 79' lang='lat' dir='ltr'>lacunae</span> <span class='ocrx_word' id='word_1_256' title='bbox 1100 2824 1265 2879; x_wconf 86' lang='lat' dir='ltr'>signum</span> <span class='ocrx_word' id='word_1_257' title='bbox 1310 2824 1537 2879; x_wconf 81' lang='lat' dir='ltr'>prudenter</span> <span class='ocrx_word' id='word_1_258' title='bbox 1576 2838 1647 2878; x_wconf 86' lang='lat' dir='ltr'>ap-</span> 
     </span>
    </p>
   </div>
   <div class='ocr_carea' id='block_1_10' title="bbox 1681 2708 1761 2751">
    <p class='ocr_par' dir='ltr' id='par_1_10' title="bbox 1681 2708 1761 2751">
     <span class='ocr_line' id='line_1_35' title="bbox 1681 2708 1761 2751; baseline 0.025 -2"><span class='ocrx_word' id='word_1_259' title='bbox 1681 2708 1761 2751; x_wconf 75' lang='lat'>519</span> 
     </span>
    </p>
   </div>
  </div>
 </body>
</html>
