1914 3237
755 182 874 220 Liber
903 182 1020 220 XVI.
1567 179 1620 221 19

211 316 382 354 Calamis
414 316 575 353 orienee‘s
608 315 748 362 populi
791 314 889 351 bella
920 315 1147 362 conficiam,
1195 320 1354 352 mortem
1395 315 1621 353 accelerant

202 395 327 441 pinna
357 393 523 437 tumim,-
555 393 720 429 calmnis
754 393 907 439 spicula
937 392 1093 431 addunt
1123 393 1376 430 irrevocabili
1404 393 1520 429 hamo
1551 402 1619 429 no-

205 473 277 508 :re'a
303 472 423 517 fitque
451 474 487 506 el
516 479 568 506 ex
598 470 682 517 ipso
713 470 826 506 telum
858 470 969 506 alind
994 470 1128 514 sraela
1161 470 1197 506 ῖη
1230 470 1464 507 vulneribus.

261 544 454 585 Eundem
492 543 580 583 fere
613 557 831 584 numerum
865 544 900 597 ἓ.
934 544 1004 586 161
1052 544 1196 584 vitium
1229 545 1414 584 omnium
1453 549 1620 598 praeter

150 623 367 677 egregium
399 622 466 661 D2
506 622 695 662 codicum
730 622 909 674 indicat,
959 635 1053 662 cum
1092 635 1113 661 e
1144 621 1348 662 vocabulo
1375 626 1620 673 praecipuus

149 706 243 754 post
274 699 465 740 XXVIII
509 700 671 740 litteras
717 704 834 745 (usus
875 699 1008 752 enim,
1061 713 1144 739 non
1177 703 1280 739 visu.»-
1309 699 1427 754 lego)
1469 713 1618 741 sanum

148 779 322 820 verbum
354 782 575 819 nobilitavit
603 779 645 819 in
673 781 954 830 praecipitave'l
983 778 1258 832 corruperint.

678 871 769 918 167
803 882 858 903 =
895 870 981 925 36,
1013 871 1090 917 66.

215 966 300 1016 Est
337 973 383 1016 et
420 967 618 1031 obliqua
654 966 876 1017 harundo
907 997 962 1003 -
988 996 1045 1002 -—
1069 966 1360 1015 suavissima
1396 967 1442 1014 in
1481 971 1618 1016 tene-

218 1055 353 1103 ritate
392 1054 703 1116 animalibus3
741 1061 946 1105 vocatur
982 1070 1009 1103 a
1045 1055 1335 1119 quibusdam
1375 1055 1550 1118 elegia.

258 1153 399 1194 Verbo
438 1168 589 1195 moneo
629 1155 987 1210 praepositionem
1013 1158 1054 1195 in
1093 1153 1343 1208 delendam,
1393 1154 1617 1196 harundini

150 1244 171 1270 e
201 1231 483 1286 Theophrasti
514 1233 604 1274 loeo
625 1233 698 1274 IV.
732 1235 798 1274 11.
838 1233 882 1275 13
919 1230 1124 1282 (εἶλετιάς
1155 1246 1210 1272 se.
1243 1232 1461 1286 κάλαμος)
1495 1246 1616 1274 suum

149 1322 301 1349 nomen
333 1314 440 1351 ilerda
472 1310 733 1351 reddendum
767 1324 872 1351 esse.

215 1387 301 1436 Est
339 1392 385 1437 et
420 1389 466 1436 in
504 1387 637 1437 ltalia
674 1404 884 1438 nascens
919 1388 1097 1437 adarca
1127 1388 1336 1446 nomine,
1374 1387 1615 1453 palustriS,

214 1492 274 1524 ex
313 1478 492 1526 cortice
529 1482 712 1526 tantun]
748 1477 838 1526 sub
875 1477 981 1541 ipsa
1019 1492 1172 1526 coma.

259 1565 446 1606 Primum
478 1579 500 1605 e
531 1566 780 1606 Dioscoride
810 1565 860 1607 V.
892 1565 971 1607 1:36
1017 1565 1224 1605 soribatur
1256 1570 1421 1619 oportet
1460 1570 1497 1606 ve'n
1536 1568 1614 1605 Ga-

145 1646 255 1695 ἰαίὶα,
288 1643 440 1684 deinde
460 1656 481 1683 e
503 1642 625 1682 Plinii
655 1643 785 1696 ipsius
818 1656 867 1683 eo
897 1642 990 1683 1000
1017 1657 1097 1697 quo
1120 1649 1308 1683 nostrum
1329 1643 1486 1691 laudat,
1516 1643 1613 1684 XX.

146 1721 219 1763 ‘241
257 1734 428 1761 nascens
459 1726 556 1775 post
596 1734 712 1761 coma
745 1721 1056 1773 collocandum,
1108 1721 1289 1775 denique
1322 1726 1520 1772 paluslrz's
1557 1736 1612 1763 sc.

147 1798 396 1839 harundinis
428 1798 569 1839 deleta
605 1799 942 1853 interpunctione
986 1812 1082 1840 eum
1120 1799 1320 1853 proximis
1358 1800 1531 1841 vocibus
1563 1813 1614 1840 ea*

147 1881 297 1918 cortice
327 1876 668 1932 coniungendum
697 1880 775 1917 est.

602 1968 693 2016 168
729 1994 783 2013 =
820 1969 897 2025 36,
931 1970 1008 2016 66.
1045 1981 1154 2031 sqq.

210 2063 392 2130 plotian
432 2081 548 2115 vero
587 2065 887 2115 subtiliorem
931 2065 1277 2126 (harundinem
1320 2067 1611 2127 vocabant).

251 2152 315 2194 Ne
345 2152 454 2194 hano
493 2153 662 2208 quidem
693 2167 839 2195 vocem
878 2163 1149 2194 correxerunt
1190 2154 1394 2207 editores,
1439 2169 1532 2195 eum
1573 2160 1613 2195 et

144 2230 256 2286 apud
290 2230 630 2286 Theophrastum
662 2231 736 2272 IV.
768 2233 833 2273 11.
865 2233 889 2272 3}
935 2232 1151 2286 πλόκιμον
1192 2241 1233 2272 ot
1277 2233 1319 2272 in
1360 2232 1482 2273 codd.
1515 2246 1539 2272 a
1574 2236 1611 2275 Θ

139 2312 302 2359 plocian
335 2310 604 2364 reperissent.
656 2308 749 2356 Quo
773 2310 910 2349 minus
942 2311 1070 2350 miror
1099 2311 1294 2365 graviora
1325 2311 1480 2352 menda
1509 2325 1611 2351 non-

144 2385 243 2426 dum
275 2399 370 2427 esse
401 2387 588 2439 sublata,
630 2387 708 2427 etsi
745 2399 985 2441 corruptum
1024 2401 1306 2444 maneumque
1345 2403 1438 2429 esse
1475 2389 1610 2429 locuni

144 2470 186 2504 et
217 2464 302 2506 Sill.
349 2469 391 2505 et
419 2466 543 2506 Ianus
590 2465 991 2506 animadverterunt.
1050 2466 1119 2508 Sic
1158 2467 1268 2508 enim
1306 2468 1424 2509 lacus
1457 2467 1610 2508 Orcho-

143 2543 274 2583 menii
304 2542 586 2583 harundineta
618 2543 856 2584 describere
888 2545 1026 2599 pergit
1055 2545 1246 2586 Plinius:

207 2621 347 2669 tertia
383 2626 458 2670 est
493 2620 712 2670 harundo
751 2621 927 2670 tibialis
965 2621 1147 2683 calami,
1187 2640 1333 2688 quem
1367 2624 1610 2674 auleticon

209 2708 463 2772 dicebant3
502 2724 630 2758 nono
652 2709 731 2758 hie
750 2724 878 2758 anno
918 2713 1224 2761 nascebatur.
1265 2712 1381 2762 Nan]
1408 2720 1455 2762 et
1475 2713 1611 2762 lacus

208 2796 506 2846 incrementa
540 2796 636 2846 hoe
674 2799 905 2863 temporis
953 2800 1111 2864 spatio
1150 2802 1400 2861 servabat,
1449 2804 1611 2868 prodi-

1270 2889 1331 2933 2*

1648 1403 1728 1448 282
