1914 3237
738 158 872 200 Liber
901 158 948 200 V
942 157 976 200 I
975 188 986 200 .
1517 154 1597 197 105

239 284 394 326 Totum
424 282 568 326 locum
599 281 839 335 adscripsi,
878 294 965 336 quo
998 279 1153 322 melius
1186 285 1424 335 appareat,
1465 291 1598 334 quam

125 378 338 420 perverso
361 363 513 406 ordine
535 374 694 402 cursus
722 358 980 401 nobilissimi
999 359 1188 400 fluminis
1211 367 1454 401 enarretur.
1489 358 1598 400 Fer·

122 457 216 485 rem
247 450 407 484 tantam
440 439 673 494 scriptoris
704 438 1018 494 negligentiam
1056 438 1099 477 in
1140 440 1321 479 remotis
1350 438 1599 492 ignotisque

122 521 404 576 regionibus:
435 517 656 561 Seleucae
686 531 792 559 vero
812 530 865 558 ac
882 516 1094 558 Mesenes
1124 518 1253 557 situm
1286 529 1312 556 a
1341 515 1480 558 Plinio
1512 523 1599 557 tam

122 601 291 656 apertis
322 598 547 641 erroribus
578 596 783 637 admixtis
816 596 1006 638 describi
1025 594 1224 649 potuisse
1248 607 1481 650 numquam
1500 608 1601 634 con·

124 680 292 721 cedam.
351 678 448 720 Duo
485 683 588 719 sunt
627 675 890 730 praesertim
926 687 1039 730 quae
1072 674 1353 715 correctione
1389 673 1599 727 indigent.

123 759 314 800 Primum
356 757 451 798 fieri
496 769 584 797 non
628 755 768 809 potuit
815 763 860 795 ut
897 753 1044 809 Tigris
1081 760 1317 809 postquam
1357 752 1603 806 Apameam

123 837 328 892 pervenit
366 835 591 878 meridiem
632 839 791 888 petens
831 831 1078 874 Seleuciam
1114 839 1436 885 reverteretur,
1473 844 1604 886 quae,

126 926 172 959 ut
208 918 263 958 ab
308 917 406 971 ipso
449 915 587 957 Plinio
635 912 838 954 traditum
871 917 962 962 est,
1003 911 1189 967 amplius
1221 919 1397 953 centum
1433 910 1605 951 milibus

128 1009 339 1050 passuum
371 1004 414 1036 et
444 994 619 1050 quidem
653 991 999 1046 septentrionem
1019 1006 1179 1035 versus
1199 992 1412 1033 distabat:
1446 989 1606 1031 deinde

126 1089 213 1130 quo
250 1074 428 1115 tandem
470 1073 599 1114 modo
644 1072 759 1113 inter
799 1072 1021 1127 Choaspis
1060 1071 1354 1113 confluentem
1402 1076 1444 1111 et
1480 1069 1606 1110 lacus

129 1152 398 1195 Chaldaicos
424 1153 466 1194 id
498 1159 566 1194 est
595 1152 636 1193 in
661 1151 951 1193 Characenes
982 1150 1180 1192 confiniis
1210 1150 1323 1191 inter
1354 1148 1605 1190 Seleuciam

135 1243 177 1274 et
208 1231 543 1287 Ctesiphontem
582 1231 739 1285 lapsus
781 1228 979 1271 dicetur?
1037 1227 1092 1270 Et
1118 1228 1190 1270 hic
1220 1228 1394 1284 quidem
1426 1227 1610 1268 manife-

130 1320 226 1354 stus
257 1312 504 1354 scribarum
537 1324 665 1352 error
696 1310 827 1352 etiam
860 1322 913 1350 eo
943 1308 1160 1362 proditur,
1193 1307 1312 1362 quod
1343 1305 1507 1347 Plinius
1536 1318 1610 1346 su-

128 1393 305 1447 periore
334 1390 404 1432 illo
431 1390 531 1433 loco
563 1404 692 1446 quem
723 1389 820 1444 ipse
841 1388 1008 1438 laudat,
1041 1387 1095 1428 de
1118 1394 1273 1429 neutra
1292 1387 1401 1428 urbe
1431 1385 1608 1427 locutus

129 1479 212 1513 est.
268 1471 471 1526 Respicit
509 1471 621 1512 enim
657 1468 695 1525 ξ.
718 1468 820 1520 100,
863 1469 937 1510 ubi
968 1468 1086 1524 quod
1119 1466 1361 1521 Choaspen
1392 1465 1607 1507 Eulaeum

127 1550 322 1592 nominat
356 1563 444 1591 non
487 1555 556 1590 est
597 1547 714 1603 quod
759 1548 946 1591 mireris.
1013 1547 1260 1601 Utrumque
1295 1546 1406 1587 enim
1446 1558 1607 1586 nomen

127 1629 380 1684 promiscue
410 1642 437 1669 a
466 1627 692 1669 veteribus
724 1628 931 1682 usurpari
961 1633 1066 1681 post
1107 1625 1219 1666 alios
1254 1624 1402 1666 docuit
1446 1631 1489 1666 et
1531 1637 1611 1665 cur

130 1708 191 1749 ita
226 1707 353 1749 fieret
390 1706 602 1762 explicuit
637 1705 854 1761 Forbiger
890 1705 1050 1749 v01.11.
1082 1703 1233 1760 p.581.
1302 1703 1372 1745 De
1404 1702 1612 1746 Seleucia

132 1800 240 1828 vero
282 1794 325 1828 et
359 1784 651 1840 Ctesiphonte
688 1797 746 1825 ne
784 1785 872 1842 γρῦ
906 1784 1097 1839 quidem.
1179 1782 1300 1824 Idem
1336 1782 1468 1837 igitur
1504 1780 1548 1822 h.
1582 1780 1612 1822 l.

134 1865 294 1915 evenit,
323 1865 438 1920 quod
456 1865 545 1906 iam
572 1863 753 1918 saepius
784 1864 1024 1906 admissum
1043 1876 1147 1905 esse
1166 1862 1370 1913 vidimus,
1400 1867 1446 1903 ut
1475 1861 1614 1902 verba

135 1945 252 1985 inter
277 1943 522 1987 Seleuciam
555 1949 598 1984 et
627 1941 946 1999 Ctesiphontem
975 1947 1122 1983 vectus
1151 1940 1294 1983 alieno
1323 1942 1427 1983 loco
1459 1939 1615 1982 arche-

135 2031 241 2079 typo
273 2023 418 2065 codici
447 2025 763 2065 insererentur.
824 2021 1009 2064 Scilicet
1041 2022 1262 2077 pertinent
1292 2021 1348 2062 ad
1368 2020 1615 2075 proximum

136 2116 331 2153 sensum,
364 2118 450 2159 quo
479 2116 598 2144 nunc
628 2115 786 2143 cursus
817 2101 962 2156 Tigris
999 2114 1159 2156 magno
1189 2100 1305 2142 saltu
1333 2099 1616 2154 aGordyene

133 2182 378 2237 Apameam
407 2181 528 2224 facto
560 2181 904 2235 interrumpitur,
936 2187 1070 2235 atque
1100 2180 1157 2221 ibi
1187 2186 1290 2234 post
1318 2192 1476 2220 vocem
1509 2175 1618 2218 Gor-

137 2262 373 2317 dyaeorum
401 2261 662 2317 reponenda
691 2267 806 2302 sunt.
848 2259 974 2301 Prior
1004 2266 1150 2301 autem
1180 2258 1304 2301 locus
1334 2266 1423 2300 tum
1445 2256 1619 2298 demum

140 2342 367 2383 emendari
403 2343 567 2397 poterit
606 2353 735 2396 quum
774 2339 1004 2393 Apameae
1046 2340 1174 2380 situm
1218 2336 1617 2393 exploraverimus.

140 2420 282 2468 Quum
322 2428 467 2461 autem
497 2419 664 2461 Plinius
704 2424 747 2460 et
778 2416 1034 2472 Stephanus
1066 2432 1119 2461 eo
1151 2417 1255 2459 loco
1287 2417 1478 2472 positam
1510 2428 1616 2457 esse

139 2498 334 2552 tradant,
364 2498 437 2539 ubi
469 2498 686 2539 dividatur
717 2497 884 2552 Tigris,
927 2496 1113 2539 eundem
1144 2510 1398 2552 occupasse
1430 2507 1620 2536 eonsen-

141 2585 317 2618 taneum
351 2584 446 2629 est,
490 2578 563 2618 ubi
593 2591 710 2618 nunc
740 2576 831 2617 Kut
863 2575 903 2617 el
934 2575 1126 2617 Hamara
1158 2577 1201 2617 in
1236 2574 1438 2630 Kieperti
1473 2572 1623 2614 tabula

142 2657 268 2712 regni
304 2656 569 2698 Ottomanici
608 2655 838 2711 reperitur.
909 2655 1016 2695 Inde
1056 2655 1168 2696 enim
1197 2654 1360 2696 flumen
1393 2652 1551 2696 Schatt
1583 2653 1624 2695 el

144 2735 274 2792 Hijeh
312 2737 406 2778 sive
446 2736 487 2778 el
520 2735 688 2778 Hamra
725 2735 908 2785 dictum,
945 2733 1059 2775 alter
1096 2734 1167 2788 qui
1204 2747 1230 2774 a
1263 2732 1400 2774 Plinio
1436 2738 1625 2775 vocatur

145 2813 320 2865 alveus,
356 2823 480 2857 recta
515 2814 740 2858 meridiem
780 2826 940 2856 versus
971 2811 1247 2869 Babyloniae
1279 2825 1464 2868 campos
1497 2816 1626 2854 secat
