1914 3237
289 188 344 232 92
898 192 1015 232 Liber
1050 194 1146 232 XX.

291 335 371 375 que
410 322 555 362 Ianum
597 323 708 362 male
741 321 793 363 ad
823 322 1040 378 vulgatam
1078 332 1114 364 et
1144 328 1227 365 oleo
1267 324 1466 377 rediisse,
1509 340 1633 381 quam
1666 326 1753 368 Sill.

290 398 469 453 Apuleio
501 404 672 441 auctore
709 400 749 440 in
782 408 851 440 ant
892 406 977 442 oleo
1007 406 1264 454 mutaverat,
1309 401 1457 444 eodem
1492 402 1754 445 Dioscoridis

290 476 380 516 loco
420 476 614 530 efficitur,
662 477 731 519 ubi
773 484 1047 532 συναγχικοῒς
1094 480 1329 537 διάχρισμα
1381 481 1620 537 πρακτικὸν
1664 479 1753 536 μετ’

290 551 441 596 ἐλαίου
475 556 679 598 ,παλαιοῦ
712 555 734 610 ἢ
765 558 936 610 μέλιτος
967 557 1214 611 appellatur.
1276 558 1413 606 Quum
1442 559 1571 614 igitur
1599 559 1755 615 ubique

289 631 494 686 Apuleius
526 632 740 674 codicibus
772 634 924 674 nostris
956 633 1212 687 praecellere
1234 634 1438 688 videatur,
1471 636 1598 677 etiam
1629 636 1671 676 in
1701 636 1752 676 iis

289 723 397 764 quae
426 709 524 750 ferri
552 715 748 764 poterant
780 710 1022 765 sequendus
1055 713 1152 753 erit:
1199 711 1342 766 itaque
1380 726 1464 753 non
1504 717 1755 764 scorpionum

289 791 387 828 ictus
417 787 490 828 sed
519 792 742 839 scorpionis
771 793 886 828 ictum
919 801 967 828 oo
992 789 1126 842 magis
1160 789 1311 841 scribo,
1343 789 1454 844 quod
1485 789 1642 830 Plinius
1671 789 1697 829 l.
1727 789 1751 829 l.

290 865 490 920 singulari
522 869 670 906 animal
696 880 797 906 usus
828 870 903 906 est.
965 866 1084 913 Quae
1115 880 1209 907 cum
1241 868 1299 908 ita
1332 870 1436 920 sint,
1481 867 1587 908 haec
1617 880 1642 908 a
1672 866 1755 907 Pli-

290 943 358 984 nio
391 943 547 998 scripta
578 956 672 984 esse
705 957 881 985 censeo:

346 1025 477 1072 Aliqui
517 1033 548 1062 e.
578 1025 827 1072 scorpionem
858 1034 943 1062 cuc.
975 1035 1022 1073 ih,
1068 1023 1399 1070 efficacissimum
1444 1036 1476 1064 c.
1520 1026 1756 1074 scorpionis

346 1104 479 1140 ictum
511 1108 546 1140 et
573 1104 720 1140 semine
748 1108 785 1140 el
814 1103 976 1140 elaterio
1007 1107 1044 1139 et
1075 1113 1111 1139 a.
1139 1114 1180 1151 p.
1210 1104 1442 1151 utrimque
1471 1104 1555 1154 alv;
1603 1114 1650 1140 m.
1676 1112 1755 1152 pro

338 1182 523 1229 portione
552 1192 585 1218 v.
621 1203 665 1207 -ψ
700 1181 726 1217 i.
757 1191 794 1219 a.
826 1191 860 1219 e.
892 1192 931 1218 ιι.
963 1191 995 1218 c,
1027 1191 1073 1218 m.
1105 1186 1174 1218 aue
1204 1190 1237 1217 o.
1268 1192 1301 1218 v.
1331 1193 1361 1218 s.

401 1277 598 1319 Ceterum
633 1278 830 1319 leviorem
870 1278 1156 1333 minoremque
1188 1277 1490 1330 differentiam,
1530 1291 1638 1333 quae
1669 1282 1756 1318 tum

289 1356 512 1397 verborum
552 1355 698 1397 ordine
742 1360 828 1396 tum
869 1356 1083 1410 particulis
1125 1356 1189 1396 vel
1234 1369 1409 1396 casuum
1451 1356 1756 1397 terminationi-

290 1434 367 1475 bus
401 1435 650 1485 continetur,
683 1433 822 1474 futuro
854 1433 1003 1474 editori
1036 1433 1291 1488 relinquam:
1323 1433 1521 1489 equidem
1554 1447 1637 1475 non
1669 1447 1756 1475 om-

290 1525 385 1552 nem
418 1511 772 1564 commemorabo,
802 1526 854 1552 ne
885 1510 986 1551 mihi
1017 1515 1059 1551 et
1088 1511 1258 1552 lecturis
1280 1511 1464 1552 taedium
1485 1511 1756 1552 minutiarum

290 1589 524 1630 oboriatur:
584 1602 637 1629 ne
675 1590 716 1639 in
756 1589 805 1630 iis
843 1587 1012 1644 quidem
1051 1588 1154 1629 locis
1200 1589 1477 1642 immorabor,
1538 1603 1641 1644 quos
1673 1589 1757 1630 Sill.

290 1667 515 1722 Apuleium
547 1671 716 1708 secutus
738 1666 979 1707 emendavit
998 1667 1177 1719 saniore,
1209 1666 1370 1721 opinor,
1402 1667 1613 1707 sententia
1632 1681 1756 1722 quam

289 1745 431 1797 Ianus,
461 1744 528 1785 hic
560 1745 671 1785 enini
695 1744 882 1785 severius
914 1757 1040 1799 quam
1060 1748 1246 1799 parerat
1276 1743 1330 1785 de
1350 1745 1431 1785 illis
1457 1744 1665 1800 excerptis
1697 1747 1757 1785 iu-

290 1822 456 1864 dicavit.
517 1823 552 1875 §.
590 1825 635 1863 14
667 1835 688 1862 e
719 1822 910 1877 margine
943 1821 1077 1862 codex
1108 1835 1132 1862 a
1161 1821 1476 1876 inscriptionem
1507 1822 1658 1877 capitis
1692 1822 1758 1874 ,de

290 1900 380 1941 eius
421 1899 644 1941 medicina‘
690 1900 861 1954 recepit.
922 1900 957 1953 ξ.
994 1900 1042 1942 17
1078 1907 1251 1940 recentes
1285 1903 1494 1951 podaqms
1535 1914 1629 1941 cum
1670 1899 1758 1941 Sill.

290 1978 415 2019 etiam
468 1978 608 2018 invitis
657 1976 873 2018 codicibus
917 1976 1184 2018 scribendum
1233 1990 1326 2018 esse
1366 1991 1542 2031 censeo,
1600 1977 1758 2033 primus

291 2057 400 2097 enim
431 2056 612 2111 impetus
643 2055 777 2096 morbi
807 2054 981 2095 indicari
1012 2054 1190 2106 videtur,
1222 2033 1273 2096 o'f.
1305 2054 1464 2095 XXVI.
1497 2055 1587 2097 101.
1637 2055 1674 2109 ἕ.
1705 2055 1757 2097 21

290 2133 504 2188 vulgatam
536 2133 680 2187 probo.
713 2134 749 2187 ξ.
770 2132 823 2175 ‘26
854 2140 981 2173 {tillem
1008 2140 1044 2172 et
1074 2132 1157 2187 legi
1186 2132 1340 2174 malim.
1374 2134 1477 2185 §.34
1507 2146 1601 2173 cum
1620 2132 1756 2173 Brun-

290 2211 359 2251 nio
391 2210 526 2252 scribo
563 2213 734 2263 Ophion,
776 2211 811 2263 ξ.
843 2211 895 2253 37
926 2213 1071 2251 morbis
1100 2214 1306 2250 contritum
1338 2223 1359 2250 e
1391 2209 1509 2251 codd.
1552 2210 1755 2251 varietate

290 2292 438 2329 morbis
465 2294 515 2329 sic
546 2294 695 2338 tritum,
734 2291 882 2330 morbis
918 2292 976 2328 sio
1005 2292 1158 2337 tritum,
1197 2291 1342 2328 morbis
1380 2296 1416 2328 ee
1443 2291 1653 2329 contritum
1687 2286 1753 2342 (r)

292 2366 399 2406 effici
431 2367 632 2421 suspicor.
673 2368 710 2419 ξ.
733 2366 786 2409 47
809 2369 1033 2406 ebrietatem
1064 2378 1157 2405 cum
1189 2365 1370 2420 Apuleio
1401 2365 1597 2419 vulgatae
1627 2368 1753 2405 ebrie-

293 2452 388 2483 eccles
420 2443 623 2497 praefero,
1041 2426 1046 2434 ¹

184 2587 264 2630 424
865 2566 927 2614 48
1050 2567 1173 2621 (532.

360 2653 579 2716 Capitate
622 2656 822 2716 (porro)
865 2651 1016 2700 maior
1053 2655 1127 2700 est
1162 2651 1223 2699 ad
1261 2651 1432 2699 eadem
1471 2652 1688 2700 effeetus.

403 2739 470 2780 Ita
499 2739 584 2781 Sill.
617 2753 638 2780 e
670 2739 842 2793 vulgata
871 2738 1064 2779 lectione.
1125 2737 1257 2779 Codd.
1285 2742 1423 2778 autem
1455 2737 1515 2778 ad
1551 2740 1670 2784 (nam
1702 2737 1754 2778 de

295 2817 464 2877 reliquis
497 2830 577 2857 non
611 2821 799 2863 constat)
836 2820 1006 2857 maiores
1036 2821 1078 2856 et
1116 2817 1255 2866 effectu
1294 2815 1451 2869 legunt.
1511 2814 1628 2863 Quae
1659 2828 1752 2856 cum
