1914 3237
230 145 313 190 120
816 145 933 184 Liber
963 146 1108 185 XXII.

301 279 344 322 ul
383 274 622 333 dixiinus3
659 273 741 322 illa
777 273 1068 338 pernicialia,
1119 289 1318 339 prorsus
1353 274 1694 339 improbanda3

298 363 337 411 si
376 361 604 426 caligaris
642 363 811 412 clavus
849 362 1023 412 ferrive
1061 362 1222 426 aliqua
1257 362 1428 427 robigo
1449 367 1531 410 aut
1548 362 1693 427 panni

295 465 484 499 marcor
517 451 725 499 adfuerit
762 451 995 508 nascenti,
1032 466 1224 500 omnem
1259 449 1389 500 illico
1419 465 1589 500 sucum
1611 449 1697 499 ali-

296 554 439 587 enum
475 553 800 602 saporemque
836 539 882 586 in
923 554 1167 587 venenum
1196 538 1485 603 concoquit3
1523 539 1697 604 depre-

302 626 536 676 hendisse
576 627 655 690 qui
695 626 785 675 nisi
822 632 1045 690 agrestes
1083 632 1288 690 possunt
1323 633 1469 691 atque
1493 627 1574 691 qui
1597 627 1699 677 col—

296 714 488 779 ligunt?
525 713 719 762 Ducunt
754 713 847 778 ipsi
882 713 976 762 alia
1013 714 1149 772 vitia,
1206 718 1253 763 et
1288 714 1485 778 quidem
1521 715 1562 763 si
1596 730 1698 764 ser-

303 803 461 867 pentis
517 817 725 850 caverna
794 802 928 850 iuxta
979 802 1120 851 fuerit
1156 842 1164 851 .
1205 819 1242 861 ‚3
1312 802 1473 866 itaque
1537 802 1699 852 caveri

301 890 561 940 conveniet
601 889 730 953 prius
775 904 919 952 quarn
955 906 1009 938 se
1048 890 1260 939 condant
1297 894 1568 954 serpentes,

342 980 406 1019 Ita
434 976 656 1019 Harduino
689 981 860 1018 auctore
894 977 1095 1033 Silligius,
1126 978 1196 1034 qui
1226 992 1354 1033 quum
1383 978 1426 1019 in
1457 978 1549 1019 looo
1581 978 1700 1030 ‚mire

233 1058 443 1112 corrupto‘
483 1055 587 1107 ,sine
618 1056 838 1097 meliorum
869 1055 1060 1098 codicum
1092 1056 1248 1097 auxilio
1278 1056 1350 1097 vix
1379 1055 1536 1111 aliquid
1555 1056 1700 1112 profici

233 1136 371 1189 posse‘
409 1137 578 1188 putaret
618 1133 718 1174 nihil
760 1134 982 1188 temptavit
1012 1139 1180 1188 praeter
1217 1147 1345 1174 unam
1386 1147 1566 1188 eamque
1596 1133 1700 1174 satis

234 1212 416 1253 debilem
446 1211 750 1252 coniecturam:
782 1217 878 1266 post
908 1226 943 1253 v.
976 1216 1187 1263 concoquit
1216 1212 1391 1252 inseruit
1415 1215 1534 1262 quod.
1567 1211 1699 1265 Egre-

234 1289 301 1344 gie
318 1290 537 1330 Pintianus
568 1289 741 1330 verbum
773 1293 922 1331 ducunt
952 1289 1265 1342 ‚desecandum‘
1297 1303 1392 1330 esse
1421 1303 1444 1330 e
1470 1289 1590 1331 codd.
1611 1289 1699 1330 ani-

232 1367 471 1419 madvertit⁷
501 1367 694 1422 proxima
724 1367 853 1408 verba
883 1367 943 1408 sic
974 1367 1210 1408 constituit:
1265 1372 1346 1408 alia
1376 1371 1583 1408 etiamnum
1615 1371 1700 1418 qui-

235 1450 319 1486 dem
334 1451 411 1488 etc.
445 1445 585 1486 Unum
604 1445 804 1486 mendum
826 1445 1063 1486 Gronovius
1084 1446 1265 1497 sustulit,
1297 1459 1422 1500 quum
1454 1444 1564 1500 quod
1590 1459 1701 1485 nunc

233 1525 386 1579 legitur
403 1528 469 1574 qui
485 1527 581 1578 post
612 1522 974 1577 ,deprehendisse‘
1006 1537 1028 1564 e
1049 1523 1222 1578 vulgata
1252 1523 1460 1578 scriptura
1490 1526 1700 1574 deprehen-

234 1606 414 1653 disseque
426 1600 579 1653 elicuit,
605 1614 713 1656 quae
730 1600 970 1642 emendatio
982 1600 1379 1642 ood.Rconfirmata
1391 1606 1469 1642 est.
1501 1601 1701 1642 Ceterum

232 1680 367 1721 virum
398 1693 606 1720 summum
637 1692 766 1734 opera
795 1678 956 1731 fefellit,
990 1679 1089 1720 dum
1117 1679 1333 1734 proponit:
1365 1683 1439 1720 Illa
1461 1682 1702 1730 pernicialia

234 1771 336 1808 quae
361 1760 565 1808 probandi
593 1761 711 1797 alea?
756 1761 822 1797 et:
884 1760 1015 1807 Aliqui
1044 1761 1229 1807 colliyzmt
1272 1761 1346 1809 ipsi
1385 1761 1465 1797 alia
1496 1760 1615 1809 vitia,
1664 1759 1702 1796 in

234 1839 375 1887 quihus
404 1835 488 1876 vel:
523 1843 641 1885 alque
673 1838 741 1885 qui
771 1839 985 1885 collifflmt?
1017 1837 1170 1876 Ducunt
1194 1839 1268 1886 ipsi
1298 1839 1378 1875 alia
1410 1838 1524 1884 vitia,
1564 1847 1586 1874 e
1615 1837 1701 1884 qui-

235 1916 319 1953 bus.
349 1912 494 1967 Nuper
511 1912 692 1967 denique
722 1911 850 1952 Ianus
870 1913 1058 1967 scripsit:
1090 1917 1154 1953 illa
1181 1917 1394 1964 perniciali
1425 1916 1578 1963 iamque
1604 1925 1700 1963 pro-

235 1994 357 2031 bandi
387 1995 474 2031 alea
505 2021 513 2030 .
546 2022 555 2031 .
588 2022 596 2030 .
625 1994 816 2041 possunt?
874 1998 991 2041 atque
1020 2005 1122 2041 quae
1157 1994 1343 2041 collegium
1373 1995 1448 2042 ipsi
1476 1994 1556 2030 alia
1576 1994 1702 2031 vitia?

234 2082 283 2108 ne
306 2071 467 2119 quidam
490 2068 562 2109 rcl.

345 2148 410 2187 En
440 2145 639 2186 librorum
670 2145 790 2186 MSS.
821 2145 1074 2199 optimorum
1103 2145 1328 2186 lectiones:

283 2227 489 2275 probandi
518 2228 598 2264 alia
629 2223 667 2263 R
697 2227 805 2274 quod
826 2226 1030 2274 probandi
1060 2226 1141 2262 alia
1174 2223 1209 2263 V
1231 2227 1265 2265 θ

291 2306 422 2342 clavos
535 2304 636 2350 ferri
674 2306 733 2342 vel
760 2326 808 2330 —
841 2304 1150 2352 deprehendisse
1180 2301 1219 2341 R
1261 2303 1537 2352 (deprendisse
1565 2299 1628 2350 V)
1653 2326 1695 2332 ——

291 2393 392 2430 quae
414 2379 463 2420 V.

235 2462 311 2498 nisi
345 2478 386 2483 -
424 2465 540 2507 aeque
569 2462 634 2507 qui
670 2471 750 2498 om.
782 2458 842 2510 R,
892 2471 1019 2498 unum
1062 2470 1229 2498 versum
1259 2456 1428 2497 XXVII
1458 2457 1523 2497 vel
1553 2455 1702 2498 XXIX

236 2536 481 2586 litterarum,
516 2535 662 2589 quales
694 2535 920 2590 pleraeque
951 2535 1041 2575 eius
1073 2535 1228 2576 codicis
1260 2534 1437 2575 lacunae
1469 2534 1604 2574 forma
1635 2534 1723 2574 ar?

239 2612 408 2666 chetypi
441 2612 704 2665 explicantur
733 2637 776 2641 -—
815 2617 953 2662 nimiu!
982 2612 1020 2652 R
1050 2636 1097 2641 —
1134 2616 1282 2653 ducunt
1318 2625 1396 2652 om.
1427 2611 1514 2652 RV
1535 2611 1570 2651 T
1593 2611 1619 2651 d
1653 2637 1697 2642 —

237 2691 284 2730 ize
314 2693 468 2740 (lotidem
500 2703 645 2729 omnes
677 2697 718 2730 ct
754 2692 814 2742 Θ,
847 2690 898 2730 de
930 2703 1010 2744 quo
1031 2696 1254 2744 praeterea
1276 2690 1378 2730 nihil
1407 2689 1698 2742 comperimus.

346 2767 505 2807 Plinius
537 2768 723 2821 pericula
761 2782 785 2808 a
815 2767 1048 2808 boletorum
1080 2769 1254 2809 venenis
1295 2767 1556 2808 imminentia
1585 2780 1701 2808 more
