1914 3237
756 172 874 210 Liber
904 171 1065 210 XXIX.
1567 168 1646 211 173

790 326 850 372 29
870 338 923 357 =
943 325 1031 379 1‚9.

253 410 509 460 Ordiemur
545 416 702 459 autern
741 426 767 458 a
804 409 1045 458 confessis
1102 409 1198 458 hoc
1236 413 1310 457 est
1362 406 1483 456 lanis
1517 407 1646 456 ovis-

251 513 346 561 que
383 499 539 548 obiter
573 503 623 546 ut
658 498 804 547 rebus
853 497 1126 562 praecipuis
1179 495 1337 546 honos
1382 496 1428 543 in
1485 495 1648 560 primis

250 584 576 649 perhibeatur.

256 671 414 713 Vocem
446 677 570 714 obiter
606 673 755 713 honori
785 686 924 713 rerum
954 672 1274 727 praecipuarum
1307 683 1543 726 repugnare
1574 685 1646 726 ap-

186 754 320 803 paret,
354 750 516 792 scilicet
546 765 568 792 e
599 750 873 805 sequentibus
903 750 1013 790 male
1042 750 1277 804 repetitam.
1314 747 1505 803 Namque
1536 748 1653 803 quod

182 828 224 867 in
258 827 487 883 archetypo
534 829 657 870 tertio
679 827 740 869 'ab
771 828 851 869 hoc
880 841 1003 869 versu
1042 831 1224 868 exeunte
1255 827 1457 881 scriptum
1488 826 1649 867 exstitit

183 909 308 946 obiter
338 906 501 947 scribae
547 907 678 947 oculis
711 905 1004 947 aberrantibus
1044 905 1126 947 huc
1156 910 1383 946 retractum
1415 909 1498 958 est,
1548 918 1650 959 quo-

182 983 308 1024 modo
338 989 434 1039 post
463 998 591 1025 unum
624 997 792 1025 versum
823 983 1017 1024 librarius
1051 983 1184 1025 codici
1214 982 1253 1024 R
1287 985 1413 1032 fidem
1442 983 1649 1037 repetivit.

182 1061 331 1116 Itaque
360 1061 538 1103 molesto
579 1061 868 1102 additamento
901 1066 1111 1117 expuncto
1151 1061 1419 1102 scribendum
1453 1065 1517 1101 est
1548 1065 1649 1101 ovis—

180 1153 267 1190 que,
299 1147 341 1179 ut
369 1143 487 1180 rebus
516 1140 589 1180 rel.

681 1244 739 1290 47
782 1245 829 1289 et
866 1243 1140 1298 48--3,11.

248 1327 366 1379 Cibo
403 1334 521 1393 quot
572 1329 732 1379 modis
774 1334 923 1390 (ova)
982 1329 1150 1377 iuvent
1193 1333 1359 1378 notum
1396 1334 1493 1386 est,
1542 1343 1649 1377 cum

248 1422 545 1467 transmeent
600 1417 811 1467 faucium
856 1423 1093 1467 tumorem
1130 1415 1437 1480 calfactuque
1496 1417 1651 1466 obiter

245 1504 458 1555 foveant.
532 1505 703 1555 Nullus
741 1511 815 1555 est
851 1505 973 1555 alius
1010 1505 1147 1554 cibus
1176 1504 1262 1554 rel.

238 1591 342 1634 Cibo
374 1594 616 1635 stomachus
647 1595 814 1635 iuvatur
844 1607 1082 1649 corpusque
1114 1593 1238 1634 alitur
1266 1606 1405 1648 neque
1425 1598 1651 1648 propterea

181 1670 293 1725 quod
331 1671 476 1714 fauces
523 1673 637 1714 fovet
668 1686 793 1713 sanas
839 1672 995 1712 nedum
1033 1670 1229 1712 tumidas.
1289 1672 1480 1727 Apparet
1521 1672 1651 1726 igitur

180 1748 310 1789 verba
333 1763 419 1791 cum
447 1775 501 1781 —
526 1755 694 1801 foveant
732 1750 786 1791 ad
816 1750 1007 1791 morbum
1049 1750 1231 1804 aliquem
1282 1749 1427 1791 referri
1464 1750 1648 1791 faucium

181 1841 303 1882 quem
344 1829 576 1870 luculenter
608 1828 881 1870 Dioscorides
913 1828 964 1870 II.
997 1829 1049 1871 55
1088 1827 1151 1869 his
1187 1828 1326 1869 verbis
1366 1828 1648 1870 demonstrat:

179 1903 474 1963 ἆκροχλιαρὸν
511 1907 560 1948 δὲ·
596 1907 706 1962 πρὸς
736 1932 788 1936 -
817 1906 1092 1963 τραχυσμούς
1121 1910 1328 1963 τραχείας
1364 1906 1572 1964 ἀρτηρίας
1598 1933 1650 1937 —

180 1981 373 2040 ἁρμόζει.
433 1984 567 2033 Quem
608 1984 804 2025 morbum
844 1984 970 2039 paulo
1011 1997 1140 2039 supra
1169 1984 1331 2025 Plinius
1372 1999 1498 2041 quum
1538 1999 1649 2027 com-

179 2069 481 2115 memorasset,
525 2062 683 2104 factum
713 2067 778 2103 est
802 2067 847 2103 ut
878 2075 986 2103 unus
1018 2076 1164 2104 versus
1196 2063 1387 2105 XXVIII
1417 2063 1648 2105 litterarum

180 2140 473 2193 intercideret,
518 2154 627 2196 quae
671 2146 813 2181 autem
851 2140 967 2181 illum
1017 2141 1287 2195 excipiebant
1331 2142 1460 2182 verba
1505 2142 1647 2182 sedem

179 2222 399 2259 mutarent.
459 2219 621 2266 Quibus
651 2219 688 2272 ᾗ.
707 2220 760 2261 47
793 2217 946 2259 additis
977 2219 1155 2260 Plinium
1188 2220 1247 2259 sic
1268 2220 1487 2274 scripsisse
1519 2221 1647 2261 conii-

179 2296 267 2337 cio:
323 2296 505 2348 ,Dantur
535 2301 576 2337 et
614 2297 889 2337 tussientibus
934 2302 1054 2338 cocta
1084 2301 1126 2338 et
1172 2297 1270 2338 trita
1308 2312 1402 2339 cum
1442 2298 1566 2338 melle
1608 2306 1648 2339 et

179 2373 310 2415 cruda
341 2388 435 2415 cum
465 2388 591 2430 passo
623 2375 790 2430 oleique
820 2375 911 2430 pari
941 2375 1081 2428 modo,
1125 2379 1213 2416 item
1244 2384 1360 2417 cocta
1391 2381 1550 2417 arteriis
1580 2391 1648 2418 ea·-

178 2457 390 2505 asperati-9,
423 2466 517 2493 cum
548 2458 809 2494 transmeent
837 2452 1024 2494 faucium
1044 2458 1249 2495 tumorem
1276 2455 1539 2511 calfactuque
1559 2456 1647 2496 obi-

176 2536 242 2572 ter
271 2530 471 2573 foveant.‘

776 2624 1054 2680 55:3‚13.

242 2707 312 2758 De
339 2723 563 2758 anserum
600 2709 708 2758 ovis
746 2748 755 2758 .
795 2749 804 2758 .
845 2748 854 2758 .
894 2710 1066 2759 dicturi
1216 2710 1455 2760 debemus
1491 2710 1648 2761 hono-

247 2811 348 2846 rem
385 2802 431 2847 et
468 2799 801 2862 Commageno
839 2798 1133 2849 clarissimae
1174 2799 1258 2848 rei.
1294 2799 1366 2848 Fit
1403 2815 1462 2849 ex
1500 2800 1645 2865 adipe

1676 360 1756 404 6:56

1679 1256 1757 1302 637

1678 2659 1758 2702 638
