1914 3237
209 544 265 586 86

290 144 344 186 64
901 140 1033 183 Liber
1060 140 1146 184 IV.

404 265 608 308 Ceterum
660 277 758 305 cum
800 264 842 306 A
886 279 937 306 ac
978 266 1018 320 §.
1040 265 1109 308 99.
1151 264 1436 307 omittendum
1481 274 1576 322 est,
1627 281 1758 323 quum

290 352 447 400 gentes
475 342 717 392 ἁσυνδετῶς
745 337 1068 386 enumerentur.
1140 345 1176 398 §.
1197 344 1287 386 101.
1321 343 1556 387 lectionem
1590 345 1758 387 Frisia-

289 437 448 463 vonum
477 429 598 464 recte
628 429 770 464 tuetur
799 423 1006 465 Osannus
1038 422 1192 464 Philol.
1219 422 1306 466 Vll.
1329 438 1369 477 p.
1386 422 1481 466 393.

838 535 1004 583 106:
1026 536 1105 597 17,
1131 538 1209 584 31.

355 636 399 685 A
435 635 600 683 Scaldi
636 635 851 683 incolunt
887 642 1104 684 extera
1139 637 1383 686 Toxandri
1423 637 1644 703 pluribus
1673 655 1756 686 no-

357 726 563 774 minibus
601 730 682 772 rel.

399 825 567 867 Vocem
598 831 750 865 extera
786 832 1040 880 corruptam
1076 839 1178 868 esse
1214 826 1407 879 Silligius
1437 827 1757 877 animadvertit,

287 907 447 963 quippe
477 917 606 959 quam
643 904 684 944 in
727 903 849 944 libris
892 904 1000 945 Mss.
1030 905 1158 945 aliter
1196 905 1406 958 scriptam
1444 904 1675 955 inveniret,
1714 914 1757 946 et

286 998 445 1026 nomen
476 982 659 1023 alicuius
691 981 841 1036 populi
870 983 952 1023 sub
984 995 1037 1023 ea
1066 981 1206 1025 latere
1237 983 1486 1024 arbitratur.
1514 983 1756 1024 Videamus
1807 1002 1810 1003 ⁷

285 1064 387 1119 quid
419 1062 593 1104 tandem
625 1060 817 1102 habeant
844 1061 1037 1103 codices.

339 1142 382 1183 R
409 1139 559 1182 exerui
592 1137 864 1189 Texuandri,
895 1138 961 1180 Td
991 1141 1141 1180 exerui
1156 1139 1398 1181 Exuanclri
1427 1140 1479 1195 (d
1503 1140 1655 1180 exerui
1669 1140 1755 1195 sss),

341 1221 382 1262 A
413 1225 559 1260 texero
594 1216 862 1258 Texuandri.

395 1299 554 1340 Nonne
583 1310 638 1337 ex
669 1296 817 1350 optimi
839 1295 993 1338 libriA
1013 1297 1235 1351 scriptura
1262 1296 1538 1338 manifestum
1570 1303 1653 1347 est,
1683 1295 1756 1338 hic

285 1391 458 1436 quoque
494 1376 657 1431 primas
685 1383 806 1416 certe
831 1374 1183 1416 Toxiandrorum
1214 1374 1382 1416 litteras
1414 1376 1592 1416 scribae
1623 1375 1754 1426 illius,

284 1460 357 1514 qui
386 1455 678 1509 archetypum
707 1454 927 1507 exaravit,
957 1453 1221 1507 negligentia
1253 1453 1318 1493 bis
1351 1452 1577 1494 exhiberi?
1636 1453 1754 1494 Exu-

282 1538 342 1579 let
374 1537 502 1590 igitur
532 1532 721 1587 populus
749 1533 992 1586 inauditus,
1023 1532 1171 1574 exulet
1195 1530 1426 1572 molestum
1453 1531 1557 1572 illud
1590 1537 1753 1573 extera.

290 1612 533 1656 Toxiandri
566 1618 711 1652 autem
753 1611 900 1652 scribo
942 1624 966 1651 e
996 1612 1195 1664 vestigiis
1229 1609 1456 1664 librorum,
1495 1611 1754 1664 quibuscum

285 1692 568 1737 consentiens
599 1689 856 1732 Ammianus
888 1688 1084 1731 Marcell.
1115 1688 1254 1732 XVll.
1276 1689 1314 1729 9.
1345 1688 1657 1730 Toxiandriam
1687 1703 1756 1729 ur·

284 1774 382 1815 bem
408 1770 614 1813 nominat.

841 1871 864 1917 1
877 1870 937 1917 12
955 1892 1006 1912 =
1025 1868 1105 1930 20,
1128 1867 1207 1918 34.

348 1973 543 2022 Insulae
577 1971 778 2019 Cicae.
816 1970 1067 2035 Insigne
1103 1969 1334 2034 oppidum
1369 1968 1629 2030 Abobrica,
1662 1969 1754 2017 Mi-

351 2064 460 2112 nius
498 2061 649 2110 amnis
694 2066 773 2107 rel.

395 2164 603 2218 Magnam
633 2160 706 2201 hic
736 2160 1032 2215 corruptelam
1072 2173 1176 2201 esse
1208 2166 1330 2214 putat
1356 2158 1448 2202 Sill.
1481 2160 1577 2200 sine
1606 2158 1753 2202 melio·

281 2245 404 2286 ribus
442 2241 628 2283 testibus
665 2253 752 2280 non
795 2237 1042 2281 tollendam.
1107 2238 1201 2294 Ego
1239 2252 1398 2280 novum
1430 2238 1752 2293 dittographiae

283 2320 529 2375 exemplum
556 2333 641 2373 qua
670 2320 711 2360 in
738 2319 984 2360 nominibus
1008 2317 1268 2372 praesertim
1290 2318 1480 2372 propriis
1508 2317 1752 2358 Plinianum

283 2415 395 2455 opus
427 2406 583 2448 scatet,
614 2397 967 2438 animadvertere
999 2396 1099 2437 mihi
1115 2395 1280 2437 videor.
1326 2396 1433 2437 Illud
1452 2397 1617 2454 insiyne
1639 2397 1752 2437 enim

281 2481 337 2521 ab
369 2479 590 2527 omnibus,
630 2484 675 2518 ut
704 2477 896 2525 videtur,
937 2476 1167 2518 codicibus
1197 2476 1340 2519 abest.
1402 2475 1569 2516 Codice
1599 2475 1641 2516 A
1666 2475 1750 2516 iam

282 2559 580 2605 destituimur3
611 2555 764 2610 reliqui
798 2555 863 2595 sic
896 2553 1072 2607 legunt:

611 2634 653 2675 R
681 2635 799 2690 signe
828 2634 968 2689 sique,
1005 2632 1069 2672 Td
1103 2630 1232 2673 Cicae
1257 2633 1416 2690 siquae.

389 2713 562 2756 Insulae
591 2713 723 2754 Cicae
762 2726 901 2768 prope
933 2712 1204 2766 Abobrigam
1234 2714 1346 2753 sitae
1382 2725 1408 2752 a
1435 2709 1534 2752 solo
1573 2709 1748 2764 quidem

280 2794 419 2837 Plinio
450 2793 729 2835 nominantur
757 2792 930 2834 nomine
960 2798 1106 2832 tamen
1134 2803 1239 2832 vere
1261 2789 1516 2844 Hispanico.
1559 2789 1671 2829 Nam
1704 2789 1748 2830 in

1897 440 1905 502 .⁴.„.
1895 400 1902 423 .·.
1904 355 1905 358 „
