1914 3237
242 153 297 193 96
852 146 983 188 Liber
1014 147 1062 188 V
1059 147 1089 188 1
1089 181 1096 189 .

243 281 501 323 habuerunt.
554 277 665 319 Nam
702 277 819 333 quod
850 276 1129 319 Dodwellum
1165 275 1370 328 offendit,
1405 277 1584 320 miliaria
1619 292 1709 321 non

242 358 386 399 stadia
419 357 662 407 numerari,
713 356 976 411 saepissime
1011 363 1052 396 et
1092 354 1209 396 facili
1249 355 1577 409 computatione
1614 363 1707 397 sta-

243 438 311 477 ‹lia
355 437 413 478 ad
453 436 754 477 Romanorum
810 448 1060 476 mensuram
1111 434 1306 489 redegit,
1356 433 1489 475 veluti
1543 432 1582 488 ξ.
1613 432 1706 474 108.

241 516 366 557 sinus
398 515 566 556 Persici
606 514 831 555 circuitum
862 510 997 559 XXV
1018 513 1066 554 M
1094 528 1137 567 p.
1175 525 1279 554 esse
1311 525 1365 552 ex
1399 511 1708 554 Eratosthenis

242 593 556 649 geographicis
600 593 784 634 tradidit.
866 591 1100 633 Onesicriti
1145 597 1289 630 autem
1329 589 1543 645 paraplus
1581 603 1710 644 quem

241 685 268 713 a
302 672 411 712 luba
443 669 693 712 confectum
731 683 835 712 esse
863 669 1033 726 putavit
1053 667 1242 710 Geierus
1265 666 1392 723 p.8·2.
1432 682 1577 723 neque
1608 667 1710 709 alibi

243 757 610 792 commemoratur
646 762 793 804 neque
835 754 989 789 nostro
1025 745 1127 787 loco
1164 747 1394 787 indicatur.
1457 746 1561 788 Tria
1597 747 1711 788 enim

242 839 345 873 suut
380 843 493 884 quae
525 841 630 869 sese
668 827 992 882 descripturum
1029 838 1134 866 esse
1168 824 1377 879 promittit
1406 824 1589 877 Plinius,
1623 825 1711 880 pri-

243 923 354 950 mum
406 921 502 948 eam
538 905 862 960 navigationem
908 917 1036 957 quam
1073 901 1352 943 Onesicritus
1396 908 1440 942 et
1475 901 1710 944 Nearchus

242 990 566 1041 susceperant,
613 983 770 1023 deinde
809 994 906 1022 eam
944 993 1074 1035 quam
1109 981 1213 1021 Iuba
1252 987 1550 1034 exposuerat,
1585 988 1710 1036 post-

240 1079 362 1106 remo
400 1076 483 1104 sua
521 1067 666 1102 aetate
702 1066 990 1114 compertam.
1060 1058 1213 1101 Verba
1251 1059 1362 1100 enim
1403 1064 1587 1100 narrata
1613 1071 1710 1112 pro-

240 1143 357 1182 xime
386 1141 444 1180 ita
478 1138 752 1194 explicentur
785 1143 961 1192 oportet
996 1150 1051 1178 ac
1092 1136 1128 1178 si
1160 1137 1381 1178 diceretur
1419 1136 1619 1187 „deinde
1657 1149 1711 1177 ea

241 1222 544 1262 indicabuntur
576 1231 688 1273 quae
722 1231 749 1258 a
780 1216 888 1257 Iuba
923 1217 1196 1256 narrantu1·“
1240 1223 1287 1257 ut
1321 1215 1588 1258 vocabulum
1616 1229 1711 1270 pro·

241 1301 357 1340 xime
377 1296 633 1346 aconvenit,
666 1299 852 1334 narrata
882 1294 936 1334 ab
971 1293 1166 1333 indicare
1196 1300 1343 1348 aptum
1370 1307 1472 1336 esse
1496 1294 1712 1348 videatur,

241 1391 428 1434 prorsus
467 1376 622 1416 eodem
660 1373 790 1414 modo
829 1385 914 1426 quo
953 1370 1157 1412 XXXIV.
1183 1370 1275 1412 138.
1311 1372 1532 1426 pergitur:
1571 1372 1710 1423 „Pro-

242 1458 354 1498 xime
393 1454 572 1496 indicari
606 1454 768 1493 debent
801 1450 978 1492 metalla
1013 1449 1117 1491 ferri
1132 1452 1185 1502 ·’“’,
1220 1449 1276 1492 cf.
1306 1449 1422 1491 XVI.
1446 1451 1494 1500 1,
1527 1451 1711 1503 XXXII,

243 1531 589 1586 56,XXX1V.1.
629 1530 801 1578 Quodsi
833 1530 944 1570 enim
971 1543 1060 1570 non
1097 1530 1220 1585 ipsos
1259 1529 1558 1570 Macedonum
1592 1529 1710 1571 elas-

243 1614 304 1655 sis
336 1610 597 1667 praefectos
633 1609 714 1651 sed
739 1609 873 1649 Iubae
910 1607 1063 1648 nescio
1091 1621 1219 1662 quem
1258 1606 1490 1662 paraplum
1527 1607 1599 1648 vel
1630 1622 1711 1663 po-

243 1693 325 1734 tius
352 1691 490 1732 libros
517 1690 569 1730 de
589 1688 754 1730 Arabia
785 1687 838 1727 acl
861 1685 908 1728 C.
929 1685 1169 1727 Caesarem
1197 1685 1408 1740 scriptos,
1440 1685 1509 1739 qui
1529 1685 1710 1728 XXXII.

245 1767 629 1821 10.lau‹1ant1u·*)‚
662 1765 962 1807 consuluisset
982 1764 1162 1816 Plinius,
1200 1765 1271 1818 qui
1302 1765 1478 1805 tandem
1509 1763 1603 1805 fieri
1630 1779 1711 1819 po-

244 1856 357 1890 terat
391 1855 437 1888 nt
468 1846 507 1901 ᾗ.
532 1845 622 1885 124.
652 1842 926 1899 Babylonem
963 1844 1017 1883 ab
1054 1841 1292 1897 Euphratis
1330 1843 1443 1884 ostio
1483 1843 1712 1886 CCCCXII

244 1928 290 1968 M
309 1942 351 1982 p.
389 1924 587 1980 navigari
625 1937 647 1963 e
676 1921 872 1962 Nearchi
904 1927 946 1961 et
969 1921 1204 1962 Onesicriti
1240 1920 1532 1964 voluminibus
1566 1924 1712 1965 trade-

243 2013 324 2055 ret,
360 2005 472 2045 inter
509 2017 588 2043 cos
626 2015 734 2042 vero
769 2000 873 2054 „qui
910 2006 1073 2054 postea
1109 2000 1367 2052 scripsere*
1405 2000 1552 2041 Iubam
1574 2002 1711 2043 nomi-

243 2090 386 2132 naret,
426 2082 496 2136 qui
533 2094 558 2122 a
589 2078 820 2135 Babylone
858 2077 1103 2119 Characem
1134 2074 1338 2118 CLXXV
1358 2077 1439 2117 mil.
1466 2093 1509 2132 p.
1544 2081 1709 2121 abesse

243 2161 513 2217 perhiberet,
552 2173 682 2213 quum
719 2156 897 2198 Charax
934 2157 1090 2197 eodem
1127 2163 1310 2197 auctore
1346 2156 1381 2195 L
1402 2155 1484 2195 mil.
1505 2171 1547 2210 p.
1587 2167 1712 2199 esset

244 2255 269 2281 a
285 2240 415 2281 litore
431 2237 492 2293 (ἓ.
513 2238 610 2289 140)
624 2236 714 2287 ¹?**)
735 2234 805 2276 Ad
821 2241 994 2288 tempus
1008 2247 1118 2275 sane
1136 2234 1413 2274 indicandum
1435 2247 1523 2274 non
1540 2235 1597 2276 ibi
1616 2244 1709 2276 tan-

244 2326 329 2357 tum
360 2329 470 2356 voce
509 2314 704 2369 proxime
740 2313 871 2354 utitur
905 2312 1090 2362 Plinius,
1128 2311 1200 2352 ubi
1230 2312 1283 2352 de
1314 2311 1489 2353 homine
1519 2313 1711 2369 loquitur

243 2409 370 2450 quem
401 2396 497 2448 ipse
519 2400 720 2442 noverat,
751 2390 880 2432 veluti
908 2392 961 2432 de
981 2391 1100 2432 lunio
1117 2390 1304 2432 Annaeo
1323 2391 1523 2433 Gallione
1543 2392 1708 2437 ΧΧΧΙ.

333 2510 371 2551 *)
417 2509 528 2541 lubae
554 2506 770 2551 fragmentis
798 2507 959 2539 addenda
984 2511 1068 2539 sunt
1101 2515 1192 2549 quae
1231 2504 1311 2536 XII·
1337 2508 1393 2540 52.
1421 2511 1456 2539 ct
1480 2509 1536 2539 64.
1565 2507 1708 2540 tradun-

245 2574 319 2605 tur,
362 2566 546 2609 regionem
576 2563 730 2597 Arabiae
763 2563 954 2596 turifcram
987 2575 1007 2596 a
1039 2563 1157 2606 capite
1192 2563 1294 2606 regni
1325 2562 1462 2596 Sabota
1493 2568 1574 2596 octo
1609 2574 1708 2596 mun-

242 2623 419 2661 sionibus,
446 2622 616 2654 Thomna
639 2632 660 2654 u
681 2621 780 2654 Gaza
810 2621 1003 2665 sexaginta.
1028 2620 1185 2663 quinque
1210 2619 1458 2653 mansionibus
1485 2620 1705 2652 camelorum

243 2681 388 2713 ‹liuta-ro.

334 2746 393 2789 **)
426 2746 621 2779 Numerum
649 2746 699 2778 ibi
726 2746 894 2785 CLXXV,
923 2757 986 2789 pru
1013 2756 1083 2788 quo
1111 2745 1144 2778 in
1171 2747 1271 2778 codd.
1287 2744 1377 2777 RTd
1406 2743 1540 2786 legitur
1565 2744 1644 2776 xli.
1661 2745 1702 2784 Ι),

243 2810 450 2848 corruptum
478 2803 652 2844 (sm-tasso
679 2804 712 2836 in
741 2803 986 2836 CCCCIaXXV
1012 2802 1243 2845 mutandum)
1269 2812 1349 2833 csse
1373 2805 1533 2842 apparet-

1895 364 1914 424 μ
