1914 3237
290 171 345 213 70
890 169 1011 209 Liber
1029 168 1151 207 XIX.

400 298 468 339 Sic
500 297 585 339 Sill.
618 300 670 337 Et
699 300 749 337 ab
778 301 839 338 his
868 300 982 349 Hisp.
1015 311 1108 338 cum
1140 297 1174 338 Τ
1195 297 1221 338 d
1250 298 1334 338 Ian.
1365 295 1493 351 Apud
1523 296 1750 351 Apuleium

290 375 444 430 legitur
485 378 565 416 Sea
602 379 641 415 in
674 377 892 428 Hispania,
931 379 984 416 Et
1020 379 1131 427 Hisp.
1170 375 1211 416 in
1243 388 1290 427 a,
1335 378 1388 415 Et
1417 377 1474 414 ad
1496 376 1605 424 Hisp.
1635 373 1678 414 in
1708 387 1750 426 e;

291 451 558 493 scribendum
599 457 682 494 est:
723 456 806 494 Sed
842 460 879 493 et
915 456 1107 504 Hispania
1147 452 1218 493 rel.
1277 452 1325 493 In
1354 451 1555 507 proximis
1585 450 1752 492 codices

292 543 425 584 aeque
455 530 640 571 variant:
668 534 930 581 praecipuam
959 529 1066 582 aed,
1093 534 1315 581 praecipua
1344 529 1508 571 Thuan.
1540 528 1666 583 Apul.
1692 527 1750 569 le-

293 611 408 662 gunt,
436 611 697 659 praecipuum
725 607 877 648 nullus.
935 608 1125 661 Apparet
1153 607 1280 662 igitur
1305 611 1528 659 praecipua
1557 619 1652 646 eum
1681 619 1752 646 na-

292 692 381 726 tura
411 684 621 739 coniungi.

899 851 1144 908 19·--1,4.

182 1005 264 1050 384
363 959 715 1020 (asbestinum)
759 959 974 1011 nascitur
1010 961 1056 1008 in
1094 960 1301 1010 desertis
1337 960 1624 1024 adustisque
1649 958 1756 1010 sole

360 1045 543 1096 Indiae.

402 1134 469 1176 Ita
497 1134 623 1189 vulgo
662 1135 764 1176 satis
795 1135 1066 1189 inconcinne,
1126 1149 1221 1177 cum
1251 1135 1473 1190 genetivus
1512 1135 1563 1176 ab
1595 1148 1644 1176 eo
1683 1148 1756 1176 vo-

295 1213 443 1254 cabulo
484 1226 565 1268 quo
596 1213 778 1268 pertinet
818 1214 950 1255 altero
996 1213 1180 1255 ablativo
1220 1217 1448 1268 separetur.
1502 1212 1685 1253 Facilius
1716 1217 1758 1254 et

294 1291 444 1331 melius
488 1291 655 1345 (glossa
702 1291 902 1346 expulsa)
944 1291 1148 1346 Apuleius
1196 1294 1426 1341 {adustisque
1463 1293 1604 1331 Indiae
1648 1294 1756 1331 locis.

296 1369 332 1422 ξ.
364 1368 416 1410 <25
456 1368 607 1409 vellem
644 1369 686 1409 in
725 1368 948 1410 chrestom.
980 1384 1019 1424 p.
1053 1369 1133 1411 232
1171 1369 1421 1424 scripturam
1462 1371 1640 1410 candore
1670 1379 1757 1408 ser-

296 1459 480 1487 vassem.

910 1613 1146 1670 27:27.

187 1686 267 1730 385
819 1730 827 1739 .
1111 1731 1118 1739 .
1432 1730 1439 1738 .
1653 1730 1660 1738 .

368 1734 634 1796 (spartum)
677 1730 922 1781 laboriose
976 1730 1201 1781 evellitur
1260 1736 1469 1782 ocreatis
1540 1730 1760 1780 eruribus

360 1834 504 1868 manu
558 1817 803 1882 textisque
850 1818 1052 1868 manicis
1100 1818 1415 1869 convolutum
1453 1818 1610 1869 osseis
1648 1817 1757 1882 ilig-

363 1906 533 1956 neisve
570 1906 887 1956 conamentiS.

407 2005 541 2046 Recte
581 2005 667 2046 Sill.
705 2005 813 2046 hane
853 2005 1100 2060 scripturam
1147 2010 1290 2060 aperte
1331 2004 1628 2060 interpolatam
1668 2016 1762 2045 esse

299 2082 614 2139 pronunciavit,
644 2096 742 2123 nam
774 2081 886 2138 quod
915 2097 1032 2123 mana
1062 2096 1157 2123 oum
1187 2082 1314 2123 verbo
1346 2085 1497 2123 vellitur
1526 2082 1643 2136 iungi
1673 2095 1762 2123 mo-

299 2162 389 2202 nuit
418 2162 560 2212 Ianus,
592 2159 695 2200 nihil
719 2159 772 2200 ad
801 2173 903 2201 rem.
934 2159 983 2200 Id
1012 2159 1149 2215 ipsum
1181 2163 1246 2201 est
1276 2158 1389 2214 quod
1419 2159 1569 2201 merito
1601 2159 1762 2213 Silligio

301 2238 533 2293 displicuit,
577 2250 713 2293 neque
745 2238 856 2278 enim
900 2251 1004 2292 opus
1043 2241 1133 2278 erat
1181 2241 1227 2277 ut
1255 2236 1449 2278 manibus
1480 2236 1612 2278 herba
1642 2236 1764 2277 evelli

300 2315 536 2356 traderetur
565 2329 703 2371 neque
734 2315 952 2356 commode
982 2315 1071 2356 fieri
1100 2319 1265 2370 poterat
1295 2319 1340 2356 ut
1370 2315 1479 2356 inter
1510 2314 1614 2355 duos
1647 2313 1762 2354 abla-

302 2393 407 2433 tivos
439 2392 627 2433 eiusdem
649 2393 814 2448 generis
836 2393 983 2434 tertius
1013 2392 1322 2433 diversissimus
1352 2392 1516 2433 medius
1537 2391 1763 2432 collocare-

303 2475 380 2511 tur.
438 2470 585 2526 Neque
623 2474 763 2510 tamen
807 2470 967 2526 Silligio
1008 2472 1213 2511 assentior
1251 2470 1321 2525 qui
1360 2484 1397 2511 v.
1438 2483 1556 2510 mana
1596 2468 1762 2520 delevit,

303 2552 344 2588 et
381 2548 478 2602 quia
518 2547 706 2588 eruribus
738 2561 888 2588 manus
919 2548 1074 2601 opponi
1114 2552 1237 2602 puto,
1279 2552 1320 2588 et
1357 2548 1455 2603 quia
1491 2547 1548 2602 in·
1571 2545 1765 2600 proxima

304 2638 406 2667 voce
437 2630 683 2666 convolutum
714 2639 866 2666 novum
897 2625 1096 2666 mendum
1128 2624 1387 2680 deprehendi
1417 2624 1575 2679 opinor.
1607 2622 1763 2663 Trans-

304 2702 443 2757 posita
478 2702 604 2757 igitur
641 2702 793 2756 copula
823 2702 939 2757 lego:
980 2715 1175 2753 manuque
1206 2706 1324 2743 lesciis
1359 2704 1524 2742 manicis
1556 2704 1764 2741 convoluta

310 2779 384 2827 (cf.
415 2779 552 2820 XXV.
570 2780 645 2828 48)
682 2783 721 2819 in
753 2784 875 2820 osseis
905 2779 977 2822 rel.
1010 2779 1129 2826 Quae
1159 2780 1242 2820 sint
1273 2786 1507 2820 conamenta
1538 2777 1704 2819 neseio:
1738 2789 1764 2817 a
