1914 3237
271 155 353 199 240
816 159 935 198 Liber
964 159 1010 197 X
1009 159 1049 197 X
1051 159 1096 198 X
1104 157 1180 198 VII
1183 191 1191 200 .

383 288 558 328 Prorsus
589 299 672 327 non
703 286 906 341 intelligo,
936 300 1009 328 cur
1029 286 1069 328 S.
1087 287 1117 328 Ι.
1148 285 1304 328 codicis
1336 286 1483 341 optimi
1512 285 1734 328 lectionem

268 368 462 417 praelatis
490 368 617 405 mullis
648 364 925 406 deterioribus
955 364 1289 419 posthabuerint.

163 435 244 477 814
385 444 420 497 ξ.
457 445 499 485 11
534 456 705 484 sensum
735 441 863 497 ,quod
893 443 1116 498 peregrino
1144 443 1360 498 appellant
1389 442 1559 483 nomine
1593 441 1736 497 dacty-

272 521 512 562 liothecam‘
548 521 709 576 antiqui
739 521 1104 575 recentissimique
1142 520 1325 562 editores
1355 524 1452 575 post
1481 535 1518 562 v.
1567 520 1736 576 ,plures‘

273 611 546 663 collocarunt,
567 587 708 650 ‘multo
741 610 895 651 rectius
924 609 983 650 B:
1036 599 1263 650 Gemmas
1329 599 1495 664 plures
1554 600 1736 662 primus

274 689 484 738 omnium
524 687 709 738 Romae
745 687 934 746 habuit,
991 690 1125 752 quod
1171 687 1433 752 peregrino
1487 685 1738 750 appellant

274 777 468 827 nomine
516 775 953 840 dactyliothecam,
1009 775 1263 840 privignus
1307 773 1474 825 Sullae
1511 773 1739 823 Scaurus,

272 865 382 906 Nam
415 878 499 906 non
530 877 723 919 gemmae
754 864 915 918 plures,
965 863 1041 904 sed
1072 877 1265 918 gemmae
1294 863 1435 917 plures
1468 862 1520 902 ab
1549 874 1633 902 uno
1663 860 1737 901 ha-

273 944 386 984 bitae
413 943 438 985 i.
470 956 506 984 e.
538 955 803 997 gemmarum
841 941 1113 983 collectiones
1154 940 1490 996 dactyliothecae
1531 938 1739 980 vocaban-

273 1038 360 1074 tur:
399 1021 580 1085 diuque
616 1019 750 1070 nulla
785 1019 879 1069 alia
913 1019 1002 1068 suit
1038 1019 1198 1069 donec
1232 1018 1497 1084 Pompeius
1518 1017 1738 1083 MagnuS‚

275 1126 399 1176 quae
437 1109 723 1158 Mithridatis
750 1107 883 1173 regis
902 1108 1072 1166 fuerat,
1110 1137 1169 1142 —-
1206 1108 1253 1156 in
1276 1106 1512 1172 Capitolio
1541 1107 1738 1164 dicaret,

275 1206 325 1248 ut
361 1198 516 1248 Varro
577 1196 756 1262 aliique
793 1196 966 1246 aetatis
1018 1196 1122 1245 eius
1168 1200 1393 1245 auctores
1440 1195 1740 1251 confirmant,

274 1287 474 1337 multum
512 1284 777 1351 praelatam
813 1284 999 1335 Scauri.
1067 1294 1163 1336 Non
1193 1294 1272 1335 hoc
1305 1294 1566 1335 confirmavit
1592 1293 1740 1347 Varro,

274 1375 529 1418 Mithridatis
560 1373 913 1429 dactyliothecam
943 1373 1114 1413 maioris
1146 1386 1271 1427 quam
1299 1371 1447 1413 Scauri
1474 1372 1740 1413 aestimatam

162 993 242 1036 815

277 1468 386 1507 esse,
416 1467 554 1509 neque
579 1453 690 1494 enim
719 1452 858 1507 regias
882 1465 984 1506 opes
1008 1451 1180 1506 privatis
1200 1450 1463 1506 praestitisse
1493 1450 1643 1491 mirum
1663 1454 1740 1503 est,

277 1533 353 1576 sed
385 1537 532 1575 contra
553 1530 828 1572 Scaurianam
845 1530 1079 1586 praelatam
1100 1542 1194 1570 esse
1224 1529 1295 1569 illi.
1326 1530 1466 1584 Atque
1496 1528 1576 1569 hoc
1603 1529 1740 1583 ipsum

278 1611 392 1668 quod
422 1611 666 1652 coniectura
687 1608 852 1650 restitui
883 1607 1079 1660 debebat,
1110 1607 1312 1662 scriptum
1343 1607 1515 1648 exhibet
1545 1606 1604 1650 B:
1648 1610 1744 1648 mul-

278 1699 355 1732 tum
381 1693 590 1743 praelata
619 1690 775 1729 Scauri.

843 1780 982 1836 12‚13
1002 1800 1061 1820 =
1079 1780 1173 1835 2‚6.

345 1868 509 1918 Verba
545 1883 608 1916 ex
642 1866 798 1931 ipsius
827 1864 1050 1929 Pompeii
1085 1863 1439 1929 triumphorum
1474 1866 1595 1914 actis
1631 1866 1747 1915 sub-

343 1959 497 2008 iciam.
576 1955 753 2020 [Ergo]
798 1954 935 2003 tertio
971 1953 1214 2018 triumpho
1250 1952 1337 2002 rel.

388 2050 515 2101 ,Erqo
546 2058 628 2086 om.
660 2043 723 2084 B‘.
781 2043 846 2083 Ita
889 2043 975 2086 Sill.
1008 2043 1111 2095 Ian.,
1159 2042 1238 2097 ipsi
1282 2043 1556 2082 retinuerunt.
1615 2041 1746 2089 Quasi

167 1835 249 1880 816

280 2140 379 2168 vero
409 2124 650 2166 necessario
682 2122 734 2163 ab
766 2122 846 2164 hoc
864 2122 1070 2164 vocabulo
1090 2125 1184 2163 acta
1201 2120 1508 2175 triumphorum
1528 2120 1745 2161 exordium

281 2205 494 2247 fecissent.

172 2312 253 2355 817
879 2284 935 2329 14
959 2300 999 2316 ²
1021 2282 1146 2338 214.

350 2371 463 2420 Erat
500 2376 546 2419 ct
581 2370 743 2433 imago
781 2369 864 2418 Cn.
902 2367 1108 2431 Pompei
1145 2383 1171 2415 e
1208 2365 1502 2429 margaritis,
1557 2365 1637 2413 illa
1675 2380 1750 2413 re-

349 2459 494 2508 licino
532 2459 718 2508 honore
755 2462 908 2522 grata,
945 2455 1242 2519 illius'probi
1266 2454 1363 2504 oris
1386 2453 1749 2516 venerandique

347 2564 435 2612 per
472 2551 672 2595 cunctas
709 2550 910 2610 genteS,
947 2543 1052 2602 illa,
1092 2544 1311 2607 inquam,
1367 2559 1427 2592 cx
1465 2541 1748 2605 margariti&

353 2636 613 2685 severitate
654 2635 780 2683 victa
816 2639 863 2682 et
899 2634 1061 2682 verius
1099 2632 1287 2680 luxuria
1326 2647 1470 2696 quam
1493 2628 1747 2693 triumpho.

398 2725 627 2778 Postquam
669 2724 752 2764 Sill.
786 2723 999 2778 egregiam
1051 2721 1144 2762 libri
1186 2721 1219 2760 Β
1253 2721 1501 2774 scripturam
1549 2716 1749 2770 ,relicino‘

295 2813 373 2854 (sc.
415 2802 611 2842 relicinae
648 2801 796 2841 frontis
842 2800 893 2841 cf.
925 2799 1019 2840 VII.
1056 2801 1132 2849 53)
1192 2799 1369 2853 recepit,
1427 2799 1553 2838 Ianus
1604 2795 1751 2835 ultima
