1914 3237
242 128 324 176 154
810 131 928 170 Liber
954 131 1139 181 XXVII.

245 274 444 317 quorsum
490 260 714 302 referenda
758 261 842 303 sint
888 275 972 304 non
1023 262 1207 314 invenio,
1254 275 1402 311 vocem
1432 269 1622 313 empetros
1665 262 1708 304 in

242 338 557 394 protarchetypi
601 340 792 395 margine
831 340 1085 395 explicatam
1122 340 1253 381 fuisse
1297 345 1486 395 apparet.
1546 339 1708 388 Quibus

242 417 392 458 deletis
436 417 552 458 locus
597 416 656 458 ita
685 418 999 473 persanabitur:
1044 422 1351 470 maritimisqne;
1391 432 1493 469 quae
1523 423 1708 471 propius.

241 496 382 551 Atque
412 508 456 536 re
486 508 588 537 vera
617 509 701 537 non
726 510 828 546 quae
859 496 934 537 sed
965 509 1040 546 que
1070 496 1224 552 legitur
1253 497 1295 538 in
1326 494 1468 539 aRV.
1594 482 1596 484 V

133 573 213 616 578
838 581 1122 637 76:9,53.

313 665 602 732 Epimedion
643 665 793 716 caulis
832 670 906 716 est
947 681 1044 716 non
1090 681 1298 732 magnus
1332 665 1545 716 hederae
1582 666 1709 717 foliis

226 786 231 791 ·
308 754 448 804 denis
484 762 630 819 atque
671 754 938 813 duodenis,
983 769 1243 819 numquam
1280 754 1488 813 florenS,
1545 754 1710 804 radice

302 843 449 902 tenui,
487 844 640 908 nigra,
675 843 814 908 gravi
852 843 1028 903 odore;
1072 842 1120 891 in
1160 842 1333 892 umidis
1370 843 1597 893 nascitur.

352 931 432 973 Hic
461 945 605 973 rursus
651 931 892 973 addendum
925 931 1102 988 aliquid,
1151 945 1236 972 non
1278 931 1606 987 expungendum
1634 936 1710 974 est.

241 1010 498 1052 Particulam
530 1010 639 1051 enim
671 1023 721 1051 ac
775 1023 885 1063 quae
923 1010 966 1051 in
997 1023 1023 1050 a
1061 1023 1146 1051 una
1193 1023 1288 1050 cum
1326 1010 1641 1066 praepositione
1672 1013 1712 1050 in

243 1088 383 1141 deest,
428 1088 470 1129 in
510 1088 645 1130 VTd
685 1092 844 1141 exstat,
890 1087 933 1129 in
964 1087 1002 1129 R
1030 1091 1107 1128 hac
1154 1088 1372 1142 scribitur,
1418 1087 1505 1130 Sill.
1552 1092 1712 1129 temere

242 1167 453 1222 neglexit,
505 1168 632 1208 Ianus
677 1167 787 1208 male
829 1166 872 1207 in
918 1174 959 1206 at
997 1166 1185 1208 mutavit.
1245 1166 1281 1207 E
1317 1166 1409 1208 loco
1451 1165 1712 1208 Dioscoridis

240 1243 312 1286 IV.
346 1245 398 1289 19
430 1243 547 1302 ῥίζαι
578 1244 625 1287 δὲ
656 1245 836 1294 λεπταὶ,
878 1245 1107 1299 μέλαιναι,
1142 1245 1414 1300 βαρύοσμοι,
1453 1246 1708 1301 γευσαμένῳ

240 1328 396 1379 μωραί·
428 1323 589 1379 φύεται
619 1321 667 1366 ἐν
695 1322 850 1371 τόποις
879 1320 1081 1379 ὑδρηλοῒς
1111 1322 1393 1378 supplendum
1425 1326 1510 1364 est:

295 1406 420 1444 odore
449 1415 507 1442 ac
534 1408 683 1452 qustu
709 1403 881 1455 satuo;
914 1404 952 1441 in
983 1401 1054 1441 rel.

130 1477 211 1521 579
637 1482 700 1530 78
733 1494 789 1515 =
823 1483 949 1538 9,55.
1013 1479 1102 1538 (de
1136 1477 1314 1538 filice).

309 1585 370 1618 ex
408 1584 504 1617 una
540 1567 705 1617 radice
744 1565 1022 1632 complures
1049 1571 1230 1616 exeunt
1255 1567 1408 1617 filices
1436 1567 1546 1617 bina
1569 1567 1710 1617 etiam

308 1657 470 1707 cubita
507 1657 809 1706 excedentes
845 1655 1167 1720 longitudine,
1208 1671 1305 1706 non
1331 1671 1512 1722 graves
1540 1657 1709 1707 odore.

347 1744 490 1787 Diosc.
522 1744 594 1787 IV.
628 1744 706 1787 183
737 1743 839 1784 folia
867 1741 1136 1800 ὖποδυσώδη
1169 1744 1368 1799 appellat,
1412 1744 1573 1785 Plinius
1605 1745 1713 1785 sicut

240 1823 442 1865 XXXIV.
473 1823 552 1866 173
581 1825 780 1863 modice
809 1835 953 1872 yraves
983 1826 1107 1863 odore
1136 1822 1377 1878 appellavit.

131 1905 213 1948 580
775 1904 836 1951 79
875 1916 921 1935 Ξ
961 1900 1158 1949 ibidem.

307 1989 504 2039 Pellunt
557 1989 919 2039 interaneorum
972 1986 1218 2047 animalia,
1278 2004 1339 2037 ex
1395 1989 1470 2037 his
1528 1972 1713 2047 taenias

312 2094 419 2128 curn
458 2077 614 2136 melle,
673 2083 836 2127 cetera
885 2093 945 2126 ex
983 2076 1096 2126 vino
1153 2075 1285 2126 dulci
1337 2076 1495 2127 triduo
1550 2081 1712 2142 potae.

312 2166 526 2230 Utraque
570 2166 721 2227 (filix)
763 2195 824 2200 —
861 2165 1023 2214 alvum
1063 2164 1211 2214 solvit
1248 2165 1403 2231 primo
1443 2163 1587 2215 bilem
1620 2168 1715 2213 tra-

311 2254 466 2313 henS‚
519 2271 633 2306 mox
683 2269 888 2319 aquam3
939 2251 1114 2302 melius
1169 2253 1355 2302 taenias
1400 2268 1510 2302 cum
1558 2267 1716 2302 scam-

313 2343 460 2392 monii
494 2343 594 2408 pari
638 2343 874 2408 pondere.
940 2342 1099 2392 Radix
1136 2342 1241 2391 eius
1294 2341 1514 2406 pondere
1567 2341 1716 2393 duum

312 2431 569 2481 obolorum
607 2447 667 2480 ex
715 2446 840 2496 aqua
876 2461 934 2467 —
977 2431 1152 2481 bibitur
1201 2428 1345 2479 melle
1399 2432 1714 2495 praegustato

318 2524 484 2569 contra
523 2518 912 2586 rheumatismos

358 2607 519 2649 Locum
566 2607 857 2663 perturbatum
904 2621 1000 2649 esse
1037 2621 1102 2649 vv.
1139 2609 1234 2658 pari
1275 2608 1455 2660 pondere
1498 2604 1716 2646 evincitur.

250 2687 330 2728 Par
369 2685 480 2727 enim
510 2685 675 2741 pondus
714 2690 802 2728 tum
842 2690 1005 2728 tantum
1038 2684 1138 2741 quid
1170 2685 1223 2727 sit
1267 2683 1540 2739 intelligitur,
1588 2696 1717 2739 quum

251 2777 359 2824 quae
389 2776 499 2807 nunc
547 2769 779 2819 sequuntur
808 2763 939 2807 verba
981 2767 1098 2805 duum
1138 2765 1342 2806 obolorum
1381 2765 1717 2817 praecesserunt.
