1914 3237
169 622 250 664 482

175 1334 255 1375 483

181 2045 262 2088 484

275 150 356 193 118
866 149 984 186 Liber
1017 147 1161 186 XXII.

385 279 536 320 Nonne
567 291 711 319 omnes
743 276 909 318 dolores
943 275 995 317 ad
1026 288 1177 330 corpus
1209 273 1448 329 pertinent?
1487 273 1656 316 Scilicet
1685 274 1745 315 ita

276 362 321 399 ut
352 371 435 398 non
466 360 627 397 odorem
671 355 818 410 optimi
848 354 941 396 libri
972 353 1048 394 sed
1092 356 1267 394 dolorem
1305 365 1327 392 e
1366 351 1568 407 proximis
1604 351 1742 393 verbis

277 435 385 475 male
416 434 641 489 repetitum
674 433 888 485 exhibent,
918 432 977 473 sic
1008 446 1045 473 v.
1079 434 1260 482 corporis
1290 429 1354 471 bis
1381 433 1614 484 posuerunt
1635 442 1743 484 quae

278 513 416 567 priore
434 512 524 553 loco
548 525 571 553 e
588 509 850 552 Dioscuridis
881 510 973 551 loco
996 509 1050 550 II.
1076 508 1205 552 199111
1225 511 1341 548 nuri
1353 522 1422 548 um
1442 506 1646 548 mutanda
1667 511 1744 548 est.

497 631 558 675 76
593 643 646 662 Ξ
682 627 840 682 22,34.
893 623 981 683 (dc
1019 622 1226 672 acantho
1263 621 1521 685 loquitur).

348 713 500 763 Huius
538 713 728 762 radices
768 752 776 760 .
816 749 826 760 .
867 710 1100 775 podagris
1153 724 1349 773 quoque
1385 706 1634 757 illinuntur
1668 709 1746 758 tri-

346 809 423 851 tae
455 807 503 850 et
539 789 808 850 ea'let'aetae
846 797 1032 848 calidis.

391 888 551 931 Calidis
581 888 654 944 qui
683 887 854 929 morbus
886 886 1157 941 significetur,
1187 898 1311 925 nemo
1328 897 1405 925 nos
1425 882 1578 935 docuit,
1610 895 1748 937 neque

283 972 430 1008 contra
474 966 827 1007 inflammationes
885 964 1091 1006 calefacta
1129 963 1408 1019 emplasmata
1444 960 1635 1003 adhiberi
1673 974 1748 1015 pu-

283 1044 473 1086 taverim.
506 1043 645 1092 Quare
676 1043 816 1098 potius
848 1042 1084 1084 eiciendum
1117 1041 1219 1082 illud
1250 1053 1343 1081 esse
1372 1039 1623 1082 vocabulum
1653 1052 1748 1080 een-

283 1136 356 1163 seo
381 1136 511 1183 ‘quam
543 1122 584 1162 in
615 1125 777 1162 calculis
794 1120 1057 1172 mutandum,
1089 1133 1186 1160 nam
1217 1118 1387 1159 calculis
1417 1117 1607 1158 remedia
1636 1118 1749 1158 intus

283 1205 384 1256 pota
411 1204 587 1256 prosunt
616 1199 754 1254 potius
786 1212 912 1253 quam
943 1197 1151 1253 imposita.

870 1333 1174 1389 78:2236.

324 1419 627 1484 -Buprestim
665 1435 843 1484 magna
879 1418 1205 1468 inconstantia
1243 1416 1415 1467 Graeci
1449 1454 1459 1465 .
1490 1457 1498 1466 .
1537 1415 1753 1466 remedia

350 1513 591 1572 tamqnam
631 1511 800 1557 contra
838 1522 1079 1556 venenum
1119 1505 1458 1571 prodiderunt,
1512 1509 1559 1554 et
1594 1505 1751 1569 ipsum

353 1610 529 1646 nomen
567 1594 746 1644 indicio
786 1599 861 1643 est
899 1595 1043 1645 boum
1081 1600 1211 1644 certe
1252 1609 1490 1643 venenum
1530 1608 1656 1642 esse.

394 1683 688 1724 Inconstantia
719 1682 976 1724 Graecorum
1015 1697 1064 1724 eo
1095 1683 1285 1738 proditur
1328 1681 1441 1737 quod
1470 1693 1633 1722 veneno
1679 1679 1754 1720 bu-

285 1761 415 1816 presti
456 1765 602 1802 eontra
645 1775 852 1801 venenum
891 1766 1078 1805 utuntur.
1164 1761 1295 1816 Atqui
1339 1772 1548 1801 venenum
1593 1771 1687 1799 esse
1733 1771 1756 1798 e

286 1840 458 1893 vulgata
486 1839 668 1879 lectione
700 1854 784 1880 non
816 1840 972 1891 elucet,
1004 1852 1086 1894 qua
1116 1842 1306 1879 correcta
1335 1837 1535 1878 restituo:

342 1920 439 1956 etsi
469 1920 594 1968 ipsum
626 1931 767 1957 nomen
799 1921 877 1958 etc.

844 2043 907 2090 82
946 2056 999 2074 =
1035 2043 1192 2098 2239.

353 2127 413 2177 Et
448 2129 634 2178 iasione
672 2168 682 2178 .
722 2167 732 2177 .
772 2168 781 2178 .
818 2128 986 2178 floren]
1025 2128 1115 2177 fert
1153 2125 1444 2183 candidum,
1498 2123 1757 2175 concilium

359 2221 549 2266 vocant

402 2304 595 2344 Plantam
626 2307 778 2344 iasinen
810 2305 949 2359 potius
967 2301 1172 2343 nominari
1203 2315 1296 2342 cum
1329 2300 1535 2342 Salmasio
1568 2300 1759 2352 arbitror,

292 2394 418 2435 quum
456 2381 594 2422 littera
634 2396 680 2434 0,
723 2396 847 2437 quam
900 2395 1001 2422 sane
1041 2380 1170 2420 habet
1206 2378 1523 2434 Theophrastus
1562 2377 1593 2418 I.
1626 2377 1690 2420 13.
1720 2378 1758 2430 3,

291 2459 537 2512 eaus.p1.11.
562 2459 623 2509 18,
653 2459 808 2514 ubique
825 2460 865 2500 in
888 2459 1012 2499 Plinii
1031 2458 1147 2498 libris
1169 2457 1290 2509 desit,
1315 2457 1458 2497 florem
1481 2454 1758 2497 confidentius

292 2534 454 2575 Graece
486 2540 804 2587 conchylium
838 2537 1024 2591 appello,
1063 2536 1088 2575 i.
1120 2549 1154 2576 e.
1187 2548 1358 2590 parvam
1389 2533 1612 2585 concham,
1662 2545 1758 2572 nam

292 2617 509 2664 concyle'mn
543 2614 583 2653 in
615 2614 653 2654 R
673 2614 709 2653 V
739 2614 903 2668 legitur.
966 2614 1003 2667 §.
1033 2613 1086 2655 83
1117 2613 1286 2653 omnino
1318 2626 1371 2653 ex
1408 2610 1556 2651 iisdem
1588 2609 1757 2664 optimis

292 2689 415 2730 codd.
446 2692 751 2732 restituendum
783 2696 847 2731 est
889 2706 925 2731 v.
953 2694 1224 2731 commodatus
1264 2690 1305 2730 in
1344 2689 1481 2729 locum
1527 2687 1616 2728 eius
1647 2687 1758 2742 quod

295 2769 418 2824 vulgo
450 2769 602 2823 legitur
631 2773 938 2810 rennuendam&
