1914 3237
0 0 5 151 Ι

725 150 857 191 Liber
884 153 959 192 II.
1531 153 1582 194 21

107 287 131 314 e
167 272 389 314 constanti
423 271 545 313 Plinii
582 285 663 312 usu
706 286 794 313 non
831 274 887 313 ad
928 273 1198 315 altitudinem
1233 276 1314 316 sed
1345 277 1402 318 ad
1435 284 1581 319 terrae

106 352 295 406 spatium
327 352 560 405 pertinent,
602 364 685 404 per
720 351 846 392 cuius
875 351 1147 392 latitudinem
1178 353 1377 396 altissimi
1409 364 1580 399 montes

107 431 400 485 porriguntur.
462 428 528 470 Cf.
550 429 624 470 IV.
641 428 710 480 91,
741 430 844 471 VIII.
863 429 930 483 24,
956 429 1027 469 lX.
1049 428 1140 483 106,
1170 430 1330 474 XXXI.
1352 435 1418 477 58,
1458 437 1580 484 Qua-

105 516 287 564 propter
311 507 459 548 verbis
493 508 809 568 quinquaqinta
838 508 1006 548 milium
1037 508 1147 549 duas
1180 523 1411 553 mensuras
1443 516 1578 557 conti-

101 588 196 629 neri
225 586 439 636 arbitror,
477 600 660 641 quarum
702 587 850 641 priore
889 587 984 628 eius
1023 588 1217 641 regionis
1251 588 1480 644 longitudo
1519 594 1578 634 in-

101 667 287 716 dicetur,
318 665 360 705 in
391 678 478 719 qua
509 664 709 706 altissimi
738 674 908 707 montes
940 666 1088 707 inesse
1111 666 1331 718 dicantur,
1363 682 1389 710 a
1409 668 1577 713 Vesulo

101 744 173 795 (cf.
186 745 255 785 111.
275 743 370 791 117)
402 744 748 797 septentrionem
770 758 932 786 versus
956 745 1086 795 sitae,
1112 744 1252 786 altera
1275 748 1491 790 verticum
1517 749 1576 792 al—

99 824 235 865 titudo
268 822 548 876 exprimatur.
579 822 765 864 Videtur
795 824 927 879 igitur
956 823 1090 866 scribi
1123 832 1355 878 oportere:

152 917 232 944 nec
259 901 451 942 breviore
479 901 876 962 quinquaqinta
905 902 1007 943 mil.
1041 902 1151 942 VM
1170 917 1378 958 passuum
1417 905 1520 960 rel„

97 983 181 1024 nisi
211 995 308 1022 cum
343 980 545 1021 Broterio
576 980 641 1020 rei
670 980 845 1021 veritati
872 982 1249 1024 accommodatius
1281 981 1353 1024 hic
1385 998 1576 1040 quoque,

97 1060 216 1116 quod
253 1071 391 1112 saepe
428 1057 610 1110 accidit,
658 1058 722 1098 II
755 1067 796 1100 et
837 1072 869 1103 u
907 1067 1156 1113 permutata
1197 1075 1301 1103 esse
1345 1070 1388 1103 et
1423 1063 1576 1118 legere

96 1139 222 1180 malis
252 1163 304 1169 —-
334 1136 649 1198 quinquaqinta
690 1136 775 1179 mil.
805 1137 864 1177 II
876 1138 936 1181 M
960 1152 1183 1194 passuum,
1232 1139 1387 1182 Obiter
1416 1156 1574 1184 moneo

96 1217 243 1275 §.168
275 1224 377 1271 post
413 1229 450 1257 v.
489 1214 748 1272 ereunziqcstus
776 1215 943 1258 leviore
972 1218 1329 1272 interpunctione
1366 1220 1573 1262 utendum

96 1310 213 1340 esse.

651 1374 741 1421 173
764 1397 809 1416 =
831 1374 911 1435 68,
935 1374 1016 1423 68.

159 1477 298 1526 Idem
325 1475 602 1540 (oceanus)
637 1475 986 1523 interfusus
1021 1476 1212 1525 intrat
1242 1495 1333 1543 per
1368 1485 1439 1526 tot
1474 1496 1571 1527 ma-

155 1567 228 1616 ria
266 1564 442 1630 quibus
482 1565 724 1626 Africam,
765 1564 1045 1630 Europam,
1100 1568 1269 1616 Asiam
1317 1567 1568 1635 dispescit,

158 1663 388 1722 quantum
425 1663 667 1702 terrarum
705 1657 951 1720 occupat?

200 1745 370 1786 Vocem
410 1745 546 1784 intrat
582 1758 606 1786 c
648 1745 946 1799 dittographia
982 1748 1211 1801 proximae
1259 1750 1382 1791 vocis
1426 1758 1567 1792 ortum

89 1833 214 1882 putat
227 1824 438 1878 Silligius,
472 1823 635 1877 quippe
664 1836 764 1878 qua,
795 1832 841 1864 ut
868 1838 987 1865 nunc
1017 1827 1191 1880 quidem
1220 1827 1402 1882 legitur,
1434 1843 1566 1870 enun-

87 1903 280 1947 tiationis
323 1903 622 1956 concinnitas,
672 1917 858 1957 prorsus
901 1911 1139 1947 evertatur.
1215 1907 1379 1949 Verum
1419 1908 1565 1963 aliquo

86 1993 233 2026 tamen
261 1982 481 2024 vocabulo
517 1983 887 2024 mediterraneum
918 1996 1060 2035 mare,
1094 1986 1211 2040 quod
1244 1988 1279 2041 §.
1301 1986 1404 2036 205,
1435 1988 1504 2029 111.
1523 1988 1563 2038 4,

85 2064 154 2114 31,
173 2062 308 2105 v.18.
340 2063 556 2103 internum
577 2060 838 2117 appellatur,
869 2062 923 2103 ab
954 2063 1007 2104 iis
1039 2078 1151 2118 quae
1179 2066 1264 2106 iam
1297 2080 1562 2109 commemo-

85 2151 182 2185 rata
210 2149 334 2192 sunt,
365 2142 571 2197 distingui
603 2148 791 2196 oportet.
851 2142 1001 2189 Quare
1034 2157 1120 2184 una
1151 2143 1295 2186 littera
1325 2144 1470 2187 deleta
1502 2146 1560 2188 le—

85 2236 190 2277 gere
223 2220 360 2262 malo:

568 2276 678 2316 inte
690 2275 866 2331 rfusus
905 2279 957 2318 in
969 2283 1063 2317 tra.

194 2356 337 2404 Quam
365 2355 477 2396 enim
508 2355 639 2396 lanus
658 2355 682 2397 l.
702 2355 727 2395 l.
750 2351 1016 2398 structuram
1044 2359 1292 2412 proposuit,
1318 2373 1404 2414 qua
1420 2361 1560 2402 verba

84 2440 296 2495 «sitantum
327 2439 545 2474 terrarum
564 2440 743 2489 occupat
772 2435 829 2475 ad
860 2435 945 2476 duo
981 2435 1081 2478 cola
1112 2437 1223 2480 idem
1238 2438 1448 2499 siquidem
1477 2439 1557 2481 rel.

84 2521 128 2556 et
156 2512 269 2553 idem
287 2509 525 2568 interfusus
554 2526 696 2568 aeque
728 2515 992 2569 pertineant,
1021 2516 1148 2558 nimis
1181 2524 1427 2559 contortam
1454 2530 1557 2559 csse

82 2592 286 2634 arbitror.
345 2592 553 2633 Proxima
586 2593 702 2633 idem
734 2600 855 2635 recte
885 2594 1058 2636 videtur
1090 2596 1360 2639 distinxisse.

412 2694 508 2744 180
540 2702 589 2743 et
619 2694 681 2744 81
705 2695 852 2757 =70‚
873 2696 937 2744 72
969 2704 1018 2744 et
1047 2697 1127 2758 71,
1148 2698 1229 2746 73.

148 2793 194 2842 Ε
206 2794 223 2842 i
235 2811 266 2843 u
278 2811 301 2842 s
315 2794 347 2843 d
362 2813 390 2844 e
404 2813 450 2844 m
484 2797 755 2847 Alexandri
792 2815 964 2847 cursor
994 2798 1280 2848 Philonides
1325 2804 1405 2847 rel.
