1914 3237
162 708 239 748 191

169 1925 248 1966 194

266 129 344 170 156
873 126 1003 168 Liber
1031 127 1118 167 IX.

265 252 544 305 punctionem
566 249 816 302 introduxit,
845 249 940 291 sive
969 263 1023 291 ex
1042 250 1189 304 priore
1222 249 1410 290 editione
1439 262 1521 290 sua
1546 248 1732 303 repetiit,

265 342 349 383 qua
389 336 543 368 contra
584 327 839 369 Aristotelis
876 329 1169 369 testimonium
1205 327 1314 369 Hist.
1346 327 1473 368 anim.
1509 326 1583 366 lv.
1617 327 1649 367 l.
1691 333 1734 366 et

265 415 418 449 contra
456 408 592 462 ipsius
626 407 747 448 Plinii
781 408 1042 448 sententiam
1082 407 1263 461 saepiae
1303 414 1344 447 et
1382 404 1563 459 lolligini
1601 403 1732 445 modo

265 493 364 526 octo
396 486 525 527 modo
559 487 643 527 duo
674 487 812 540 pedes
843 486 1104 528 tribuuntur.
1162 484 1434 525 Necessario
1466 484 1523 523 ibi
1556 482 1734 523 coniun-

264 565 409 619 gemla
437 571 557 606 sunt:
586 563 714 619 pedes
743 563 828 603 duo
857 577 912 602 ex
941 561 1007 602 his
1037 564 1118 616 (sc.
1151 563 1346 616 octonis)
1379 561 1622 619 lonzyissinuui.

834 697 899 745 91
919 718 970 740 =
990 697 1069 757 30,
1088 696 1169 745 48.

333 802 574 850 Luctatur
605 798 730 846 enim
770 798 1038 862 (polypus)
1076 797 1336 859 complexu
1368 802 1417 842 et
1445 795 1598 843 sorbit
1629 812 1736 844 ace—

334 891 507 940 tabulis
540 905 595 936 ac
617 904 879 935 numeroso
911 893 1054 934 suctu
1080 885 1179 933 diu
1209 885 1372 946 trahit,
1406 902 1514 933 cum
1543 885 1592 933 in
1622 902 1738 933 nau-

334 983 495 1045 fragos
532 979 842 1027 urinantesve
878 977 1115 1042 impetum
1153 976 1282 1041 cepit
1321 1006 1375 1012 -

378 1082 442 1121 lta
472 1079 664 1133 Silligius
697 1093 721 1119 e
750 1079 846 1119 cod.
877 1077 966 1128 R2‚
1006 1091 1120 1118 voce
1150 1076 1226 1117 diu
1257 1076 1341 1117 nisi
1372 1075 1501 1116 fallor
1533 1089 1556 1116 e
1591 1088 1738 1116 corre-

268 1162 411 1202 ctione
454 1166 562 1200 orta.
629 1158 804 1213 Reliqui
849 1159 961 1198 enim
996 1157 1094 1198 libri
1123 1156 1233 1197 Mss.
1273 1157 1338 1197 sic
1367 1154 1538 1209 legunt:
1581 1155 1650 1196 R1
1679 1155 1740 1194 du

270 1239 417 1290 trahit,
447 1254 467 1279 1·
485 1238 599 1292 ch.
618 1238 646 1278 l.
666 1238 803 1280 Paris.
834 1237 937 1276 dum
963 1236 1109 1290 trahit,
1141 1235 1254 1290 quod
1281 1235 1451 1287 reecpit
1473 1233 1739 1286 Harduinus,

268 1320 397 1360 Barb.
431 1318 685 1371 Dalecamp.
717 1315 929 1365 ‹len-ahit‚
966 1316 1030 1356 Τί]
1068 1314 1210 1357 trahit.
1299 1314 1502 1367 Apparet
1546 1326 1641 1353 eam
1677 1313 1736 1354 le-

269 1399 457 1439 ctionem
493 1410 621 1451 quarn
648 1395 838 1436 ultimam
871 1393 1324 1446 commemor-avimus>
1355 1390 1532 1445 reliquis
1563 1390 1740 1445 praefe-

268 1477 448 1517 rendam
468 1487 584 1516 esse.
614 1473 660 1513 ln
684 1486 736 1513 eo
768 1471 880 1512 enim
912 1471 1132 1525 exemplo,
1158 1471 1274 1511 unde
1305 1468 1739 1524 pleriquelibriMSS.

271 1553 480 1607 descripti
510 1559 633 1601 sunt,
671 1557 798 1604 pute,
833 1554 959 1588 suctu
989 1547 1049 1587 du
1079 1548 1292 1601 seriptum
1326 1556 1436 1601 erat>
1469 1548 1584 1601 quod
1617 1548 1741 1589 ditto-

269 1632 484 1689 graphiae
513 1630 659 1670 vitium
690 1627 964 1668 recentiores
986 1625 1164 1666 scribae
1196 1624 1431 1665 emendare
1449 1626 1737 1667 conabantur.

273 1712 371 1753 Vox
404 1718 548 1751 autem
591 1706 666 1746 «lin
706 1704 880 1746 vividae
915 1702 1202 1757 descriptioni
1247 1702 1510 1757 aliquantum
1552 1703 1741 1746 detrahit

270 1804 413 1846 neque
444 1789 499 1830 ad
531 1798 809 1828 numerosum
841 1794 1009 1825 suctum
1041 1790 1188 1837 aptum
1216 1782 1401 1823 videtur.

839 1906 904 1955 98
923 1928 973 1947 z
991 1906 1069 1966 31,
1082 1907 1161 1952 51.

339 2010 574 2060 Universi
612 2008 855 2072 (cancri)
896 2005 1224 2070 aliquando
1269 2014 1650 2071 congregantur,
1685 2025 1740 2056 os

340 2101 486 2150 Ponti
508 2099 735 2148 evincere
767 2114 861 2145 non
885 2098 1058 2157 valent,
1092 2100 1405 2160 quamobrem
1430 2098 1615 2162 egressi
1650 2099 1740 2146 cir-

342 2198 571 2240 cumeunt
607 2196 906 2254 apparetque
942 2188 1109 2236 tritum
1146 2188 1255 2236 iter.

386 2291 598 2332 Aelianus
631 2290 741 2330 llist.
775 2290 902 2330 anim.
925 2289 1103 2330 viis-³4.
1133 2290 1172 2330 in
1205 2289 1303 2329 sinu
1333 2288 1520 2343 quodam
1552 2286 1741 2340 Bospori

276 2370 538 2423 congregari
573 2381 762 2409 cancros
794 2367 931 2408 refert
954 2368 1097 2422 ibique
1126 2365 1324 2421 singulos
1343 2366 1519 2419 operiri,
1549 2366 1619 2419 qui
1638 2378 1742 2406 con-

277 2451 435 2491 trarios
470 2448 631 2488 fluctus
663 2462 686 2487 e
720 2447 858 2488 Ponto
897 2448 1191 2501 irrumpentes
1226 2445 1374 2486 subire
1419 2451 1661 2499 nequeant,
1700 2449 1743 2483 et

275 2529 446 2582 agmine
486 2526 604 2567 sacto
644 2525 842 2566 terrestri
881 2525 1035 2565 itinere
1074 2523 1214 2565 locum
1253 2521 1621 2576 impermeabilem
1654 2522 1741 2561 cir-

277 2607 455 2653 eumne,
485 2618 627 2658 neque
648 2605 730 2643 hoc
751 2616 926 2656 semper
943 2602 1050 2655 fieri,
1081 2603 1161 2643 sed
1187 2610 1273 2642 tum
1297 2608 1476 2650 tantum,
1507 2600 1543 2639 si
1566 2598 1740 2653 quando

276 2684 579 2726 vehementius
602 2697 624 2723 e
645 2683 783 2722 Ponto
812 2681 953 2721 undae
973 2681 1013 2720 in
1036 2680 1281 2734 Bosporum
1302 2679 1518 2731 ingruant.
1565 2676 1742 2717 Plinium

278 2764 391 2804 idem
430 2773 638 2802 narrasse
682 2760 863 2813 eiusque
900 2758 1140 2799 orationem
1185 2757 1443 2798 dis-iunctam
1479 2763 1522 2796 et
1557 2754 1742 2796 hiulcam
