1914 3237
296 171 349 216 34
888 171 1002 212 Liber
1024 171 1165 213 XVII.

296 301 403 341 coris
425 299 649 355 generibus
673 312 781 355 quae
803 298 1037 341 Columella
1066 299 1122 342 ΙΙ.
1152 300 1203 342 15
1223 303 1264 341 et
1293 298 1452 340 Plinius
1482 298 1592 340 infra
1613 298 1668 342 50
1696 312 1754 354 sq.

296 382 535 431 enumerat,
589 377 641 419 ab
672 378 722 419 iis
753 378 913 419 scilicet
943 377 1051 433 qu'ae
1091 391 1144 419 ex
1174 377 1321 419 avibus
1364 381 1406 418 et
1437 389 1489 417 ex
1517 375 1755 417 hominibus

295 455 482 497 confiunt
512 455 794 511 distinguitur.
855 455 1130 498 Scribendum
1163 460 1227 496 est
1255 455 1401 510 igitur:

348 559 396 563 —
429 538 534 585 fimo,
565 537 899 591 iymentorumque
930 533 1009 588 (sc.
1037 533 1191 588 fimum)
1227 536 1336 584 quod
1364 523 1591 574 levissimum
1622 539 1679 572 est
1708 534 1756 572 ob

346 615 391 653 id
419 619 603 654 exurunt.

938 687 1112 728 Ibidem.

183 770 259 811 311
359 766 483 817 Sunt
503 767 584 831 qui
607 765 807 830 pulvere
846 780 1043 828 quoque
1081 779 1202 813 uvas
1238 763 1300 814 ali
1333 765 1549 814 iudicent
1574 765 1756 829 pubes-

356 860 625 918 centesque
661 851 919 918 pulverent
956 857 1003 901 et
1038 852 1206 901 vitium
1232 853 1557 917 arborumque
1582 851 1757 901 radici-

355 943 447 991 bus
502 942 812 1006 adspergant.
895 938 1037 1000 Quod
1093 944 1275 991 certum
1330 945 1404 990 est
1454 939 1756 990 Narbonensi

354 1029 638 1095 provinciae
677 1033 724 1078 et
757 1027 1028 1077 vindemias
1079 1027 1257 1077 certius
1294 1029 1364 1078 sic
1402 1029 1572 1093 coqui,
1622 1026 1758 1093 plus-

355 1133 449 1181 que
491 1117 652 1182 pulvis
689 1117 754 1166 ibi
791 1131 932 1180 quain
969 1115 1043 1166 sol
1082 1116 1285 1166 confert.

289 1207 464 1258 ,cerlius‘
509 1205 621 1261 quod
653 1218 674 1245 e
711 1205 851 1246 vicino
893 1203 1097 1245 vocabulo
1139 1206 1313 1256 ,cerlzem‘
1354 1204 1560 1244 intrusum
1591 1203 1757 1245 videtur

289 1283 572 1325 Schneiderus
604 1282 658 1323 ad
678 1281 954 1323 Columellam
985 1281 1056 1324 IV.
1077 1282 1130 1324 28
1159 1282 1202 1322 in
1231 1286 1346 1323 citius
1371 1282 1574 1335 correxit3
1606 1294 1628 1321 e
1646 1285 1755 1325 sicco

292 1365 402 1413 quod
432 1361 545 1417 quod
577 1362 618 1402 in
650 1360 741 1402 cod.
774 1374 798 1402 a
818 1360 971 1416 legitur
1000 1364 1057 1401 sic
1087 1368 1258 1412 coquunt
1287 1359 1436 1401 efficio.

908 1467 969 1513 52
985 1486 1043 1505 =
1058 1467 1151 1521 9‚6.

179 1547 259 1590 3¹2
355 1562 490 1611 Haec
510 1567 622 1611 sunt
648 1562 911 1611 certamina
945 1562 1252 1626 invicemque
1283 1562 1345 1610 ad
1364 1560 1587 1610 tellurem
1622 1560 1756 1611 alen-

354 1650 465 1699 dam
502 1665 699 1716 quoque
731 1654 926 1699 utuntur
955 1649 1193 1699 homines.

288 1752 369 1793 quo
410 1739 582 1780 tandem
622 1738 837 1779 remedio?
876 1752 1027 1794 nempe
1066 1743 1249 1780 stercore
1290 1742 1332 1778 et
1368 1738 1490 1778 urina
1526 1737 1755 1790 hominum,

286 1830 394 1871 quae
416 1822 513 1858 ante
545 1817 753 1869 ,hominis‘
794 1816 963 1858 nomine
993 1816 1270 1871 appellantur.
1303 1817 1448 1871 Itaque
1479 1815 1546 1856 hic
1585 1828 1753 1870 quoque

292 1894 561 1935 scribendum
593 1899 656 1936 est
680 1898 847 1936 homine.

894 1987 1140 2042 53=9‚6.

355 2072 459 2122 Hae
519 2074 653 2122 fuere
702 2072 831 2137 apud
888 2072 1077 2136 priscos
1131 2072 1454 2130 differentiae,
1514 2070 1755 2136 simulque

354 2166 618 2227 praecepta
654 2176 750 2211 non
797 2160 994 2209 invenio
1034 2159 1194 2209 rettuli
1232 2159 1428 2218 utendi,
1475 2159 1670 2224 quando
1708 2164 1756 2208 et

355 2251 434 2300 liic
472 2254 689 2299 vetustas
726 2249 903 2299 utilior.

400 2337 716 2379 Memorabilem
756 2338 893 2378 locum
934 2337 1061 2378 talem
1099 2335 1299 2377 exhibent
1333 2334 1500 2376 codices
1543 2334 1596 2375 ad
1626 2347 1754 2376 unum

180 2030 259 2070 313

291 2430 456 2469 omneS,
501 2416 561 2457 ita
598 2420 741 2456 tamen
779 2419 825 2456 ut
855 2415 946 2456 cod.
980 2414 1007 2455 d
1045 2418 1224 2456 invenior
1254 2417 1386 2465 etculi,
1437 2412 1476 2453 D
1514 2416 1691 2453 invenior
1721 2420 1758 2453 e!

291 2499 382 2547 tali,
421 2494 456 2535 Τ
482 2498 634 2535 invenio
664 2507 709 2534 re
739 2497 808 2534 talc·
838 2493 1094 2548 scripserint.
1153 2491 1288 2540 Quem
1320 2504 1447 2546 quum
1489 2503 1572 2531 non
1603 2489 1755 2531 intelli-

292 2577 454 2628 gerent,
478 2573 668 2613 certatim
688 2572 765 2613 viri
785 2571 895 2612 docti
919 2574 1117 2612 curarunt
1135 2575 1180 2611 ut
1197 2569 1514 2624 interpolarent.
1530 2567 1754 2622 Ingeniose

291 2650 517 2702 Barbarus,
550 2663 673 2704 quem
704 2663 850 2690 omncs
882 2653 978 2690 ante
998 2648 1205 2702 Silligium
1235 2647 1370 2688 secuti
1392 2650 1501 2698 sunt,
1533 2652 1575 2686 ut
1589 2649 1755 2697 invenio,

290 2742 334 2769 re
363 2732 434 2768 tali
461 2727 610 2778 edidit,
652 2727 836 2780 Silligi'us
868 2740 945 2767 non
986 2725 1251 2767 retinendum
1289 2737 1383 2765 esse
1413 2723 1649 2777 perspexit,
1690 2736 1754 2763 re·-

293 2807 405 2861 liqua
435 2804 647 2859 corrupit;
684 2818 780 2845 nam
819 2809 974 2846 inventa
1018 2808 1266 2856 inaeniorum
1311 2801 1477 2856 scripsit
1515 2813 1756 2855 magnoque
