1914 3237
743 163 876 205 Lt'ber
905 163 958 207 V.
1532 158 1585 200 71

117 284 320 328 stinctam
340 285 533 340 Silligius
554 297 694 339 prava
721 283 1079 338 interpunctione
1101 282 1311 338 corrupit.
1346 281 1458 324 Nam
1477 294 1586 327 orae

116 365 356 406 maritimae
393 375 626 404 mensuras
651 362 815 403 Plinius
855 362 1097 402 secundum
1138 361 1363 416 Polybium
1401 360 1586 403 millenis

116 443 325 498 passibus
343 441 592 495 descripsit.
633 441 777 489 Quum
807 440 937 494 igitur
965 452 1107 493 usque
1124 439 1180 479 ad
1195 439 1358 493 Syrtim
1375 440 1586 481 minorem

114 522 405 575 pervenisset,
436 518 518 560 iter
541 527 752 560 terrestre
786 532 872 574 quo
893 532 949 559 ex
972 517 1178 562 interiore
1194 516 1350 560 Africa
1369 518 1586 571 adibatur,

112 599 322 640 adiunxit.
380 597 512 639 Redit
541 598 671 651 igitur
702 606 856 640 nostro
885 596 983 638 loco
1011 597 1067 637 ad
1095 610 1218 637 oram
1241 596 1512 646 maritimam,
1542 604 1586 637 et

110 677 300 731 spatium
336 677 449 718 inter
486 677 597 718 duas
636 676 795 732 Syrtes
836 676 1026 730 positum
1073 681 1283 730 quantum
1330 675 1387 715 sit
1435 674 1583 725 docet,

108 754 211 805 inde
240 754 298 796 ad
325 755 534 796 maiorem
558 755 722 810 Syrtim
753 769 804 798 se
836 768 1150 796 conversurus.
1197 754 1340 802 Quam
1371 753 1586 795 rationem

108 841 275 887 puncto
304 841 406 889 post
435 848 592 876 vocem
621 834 850 875 intervallo
877 833 1093 876 collocato
1120 832 1332 889 religiose
1361 839 1585 874 servatam

109 926 214 955 esse
244 912 450 955 elucebit.
510 914 805 956 Scribendum
833 921 902 955 est
930 912 1085 968 igitur:

609 990 855 1033 intervallo.
889 990 979 1034 Sed
1007 988 1084 1033 rel.

709 1104 773 1152 36
796 1129 841 1147 =
863 1105 910 1164 5,
933 1104 980 1151 5.
1190 1104 1192 1106 V
1609 1124 1664 1165 94

176 1203 394 1253 Garama
435 1231 503 1238 —-
546 1219 574 1251 a
607 1204 838 1253 Cornelio
874 1204 1030 1252 Balbo
1066 1202 1361 1267 triumphata
1398 1200 1585 1267 primus

174 1293 388 1342 omnium
425 1311 576 1342 curru
612 1302 818 1343 externo
851 1302 900 1342 et
931 1293 1197 1359 Quiritium
1235 1293 1343 1341 iure
1380 1293 1583 1352 donato3

175 1383 433 1452 [quippe
477 1384 754 1434 Gadibus
805 1385 1013 1450 genito
1060 1383 1281 1449 civitas
1322 1383 1584 1432 Romana

173 1492 299 1523 cum
335 1474 526 1523 Balbo
572 1476 797 1524 maiore
834 1482 1047 1540 patruo
1095 1476 1234 1523 data
1268 1472 1409 1541 est].

155 1636 157 1639 ι
216 1587 360 1629 Recte
390 1588 565 1643 quidem
596 1598 640 1630 et
668 1587 1040 1643 accuratelssalbi
1070 1602 1214 1643 genus
1252 1587 1415 1632 etvita
1444 1600 1580 1642 expo·

106 1668 242 1709 nitur:
272 1680 439 1720 verum,
469 1674 515 1707 ut
545 1666 645 1707 mihi
667 1668 839 1721 quidem
860 1666 1046 1717 videtur,
1077 1680 1102 1707 a
1132 1667 1266 1708 docto
1292 1665 1581 1720 grammatico

107 1746 261 1789 solino
293 1760 333 1787 c.
363 1743 435 1787 29.
473 1744 716 1799 antiquiore
755 1746 828 1801 qui
866 1745 1100 1800 legentium
1128 1745 1370 1786 commodis
1407 1744 1582 1798 prospi-

105 1826 263 1868 ciebat.
333 1823 515 1864 Plinium
548 1824 690 1878 ipsum
721 1837 835 1878 quae
866 1825 996 1864 modo
1029 1825 1084 1865 de
1116 1838 1248 1866 curru
1279 1822 1404 1865 Balbi
1437 1823 1582 1864 trium-

105 1903 224 1960 phali
253 1902 607 1959 praedicaverat,
639 1903 693 1944 de
723 1902 899 1945 homine
918 1903 1030 1945 inter
1048 1903 1238 1958 Augusti
1255 1902 1470 1959 aequales
1496 1901 1580 1943 cla-

103 1984 278 2027 rissimo
309 1980 574 2038 repetivisse
605 1996 741 2037 aegre
759 1981 1054 2026 crediderim.

703 2097 767 2145 49
787 2118 838 2142 =
859 2097 908 2159 9,
929 2098 976 2145 9.
1601 2117 1657 2158 95

171 2199 313 2264 Quae
335 2197 472 2246 iuxta
496 2198 749 2247 Pelusium
780 2205 856 2246 est
890 2198 1027 2263 regio
1063 2214 1234 2245 nomos
1259 2197 1405 2245 habet
1424 2197 1577 2245 Phar-

168 2288 438 2337 baethiten'.
456 2325 467 2336 .
482 2307 522 2349 .;
579 2288 767 2354 reliqua
811 2296 971 2337 autem
1017 2288 1305 2337 Arabicum.
1321 2324 1357 2336 ..
1405 2288 1575 2337 Mene—

170 2379 342 2440 laiten,
384 2379 800 2428 Alexandriae
836 2379 1116 2445 regione,
1157 2378 1301 2427 item
1338 2378 1573 2444 Libyae

169 2471 223 2519 Μ
239 2487 301 2519 ar
314 2487 340 2518 e
353 2469 492 2518 otis.
848 2452 853 2457 ,

211 2570 371 2612 Mirum
414 2571 453 2612 in
495 2584 656 2627 magna
691 2585 917 2614 nemorum
947 2572 1270 2628 Aegyptiorum
1310 2572 1463 2627 copia,
1500 2573 1575 2627 qui

103 2658 416 2693 enumerantur
447 2658 629 2700 tantum,
660 2652 787 2692 unius
816 2652 944 2694 situm
971 2652 1227 2693 accuratius
1251 2651 1458 2703 describi,
1485 2666 1573 2694 ma-

103 2730 170 2784 gis
204 2730 335 2771 etiam
365 2730 539 2780 mirum,
577 2730 921 2784 descriptionem
953 2729 1066 2772 inam
1098 2745 1125 2771 a
1159 2744 1267 2772 vero
1302 2745 1572 2785 magnopere

106 2809 328 2852 aberrare.
368 2809 536 2851 Nonius
567 2810 680 2851 enim
698 2808 961 2851 Menelaites
992 2810 1108 2852 ultra
1133 2810 1302 2853 fossam
1331 2810 1572 2853 Canobiam
