1914 3237
712 164 845 207 Liber
869 164 957 207 IV.
1512 163 1568 205 59

101 291 193 333 ltin.
221 291 363 334 marit.
393 304 434 344 p.
455 288 554 333 5⁶29.
587 287 707 330 Coos
743 294 945 329 vocatur.
1008 286 1216 330 Proximo
1251 292 1398 329 autem
1432 299 1569 328 voca-

101 369 202 411 bulo
241 369 402 424 aliquid
444 368 497 410 de
538 366 602 409 Co
640 367 892 421 praedicari
933 365 1119 407 videtur.
1188 366 1383 422 Egregie
1424 373 1570 408 autem

100 457 232 503 portu
260 448 478 488 instructa
501 445 594 500 fuit,
626 445 824 488 cf.Diod.
839 445 940 487 XV.
955 444 1023 485 76.
1064 443 1205 492 Quem
1236 445 1387 498 optimi
1409 447 1508 487 cod.
1530 444 1572 487 A

100 527 324 580 scriptura
358 524 589 579 Eulimna,
625 525 669 566 in
705 524 778 566 Rd
813 524 857 566 in
889 522 1067 565 Olimna
1106 530 1341 578 corrupta,
1389 523 1572 566 indicari

100 606 305 660 arbitror,
336 612 383 647 ut
411 605 647 659 legendum
675 605 896 645 videatur:
932 601 1041 644 Coos
1060 601 1326 643 Eulimenos.
1367 602 1572 645 Ceterum

100 698 311 726 numeros
329 684 567 726 emendare
594 697 681 724 non
711 684 855 724 audeo
888 695 999 738 quos
1028 689 1103 722 aut
1131 680 1205 722 hic
1235 689 1309 722 aut
1331 681 1446 738 §.6st
1477 696 1575 723 eor-

99 771 256 818 ruptos
284 776 388 805 esse
419 761 536 804 facili
566 770 774 817 computo
805 761 1005 803 efficitur.
1063 760 1154 802 Illic
1184 761 1297 802 enim
1322 761 1576 816 Carpathus

102 856 131 883 a
161 841 296 884 Creta
323 841 404 883 LX
433 840 517 882 mil.
546 856 602 896 μ,
633 841 706 882 hic
735 840 947 882 XXXVII
974 840 1141 881 distare
1168 847 1388 883 narratur.
1449 839 1577 882 Com·

104 920 255 976 plures
282 928 428 962 autem
459 921 629 962 insulae
659 919 774 961 infra
791 919 845 962 V.
864 918 956 960 133.
983 920 1138 960 iterum
1172 919 1462 961 nominantur.
1501 919 1577 960 At-

105 1013 190 1054 que
221 999 397 1040 Graeco
433 999 654 1041 vocabulo
696 1001 825 1041 etiam
858 997 1152 1052 Peparethum
1188 1000 1336 1040 statim
1365 998 1579 1040 Euoenon

105 1078 316 1133 (Euonon
331 1078 429 1130 AR,
457 1078 683 1120 Evoenum
706 1079 755 1132 d)
784 1077 1045 1133 appellatur.

678 1202 742 1251 83
765 1226 810 1244 =
836 1203 913 1264 12,
936 1202 1018 1250 26.

173 1316 296 1366 Inde
330 1315 568 1365 silvestris
603 1315 741 1380 regio
779 1316 1029 1380 Hylaeum
1061 1332 1195 1363 mare
1234 1332 1330 1380 quo
1368 1314 1582 1363 adluitur

174 1406 552 1472 cognominavit,
588 1406 634 1455 E
647 1423 677 1453 n
691 1423 719 1455 ο
733 1423 759 1454 e
775 1424 800 1455 c
813 1407 843 1454 h
857 1423 883 1454 a
896 1407 994 1455 dlo
1007 1424 1034 1454 e
1070 1414 1307 1456 vocantur
1342 1406 1548 1455 incolae.

219 1543 376 1585 Mirum
406 1542 512 1584 illud
545 1549 588 1583 et
616 1543 856 1584 inauditum
884 1556 1047 1584 nomen
1075 1542 1309 1585 manifesto
1327 1551 1583 1599 corruptum

108 1629 178 1665 est
206 1623 249 1663 in
281 1635 336 1663 ea
365 1621 626 1675 praesertim
649 1622 859 1677 Scythiae
889 1622 1075 1676 regione
1106 1635 1234 1677 quam
1263 1630 1306 1664 et
1330 1623 1584 1666 Herodotus

109 1709 320 1744 accurate
351 1700 586 1754 descripsit
619 1707 661 1740 et
693 1709 796 1756 post
821 1715 918 1742 eum
949 1700 1116 1755 plureS,
1151 1716 1174 1742 e
1206 1703 1362 1758 quibus
1394 1703 1584 1745 Posido-

109 1783 226 1824 nium
254 1781 516 1835 praesertim
536 1779 713 1830 Plinius,
742 1781 873 1821 sicuti
889 1780 1050 1821 Strabo
1070 1780 1161 1821 Vll.
1181 1789 1223 1822 et
1246 1781 1274 1823 l.
1290 1782 1380 1834 XL,
1410 1782 1584 1825 videtur

110 1867 292 1903 secutus
310 1873 424 1900 esse.
469 1858 741 1900 Herodotum
756 1860 868 1900 enim
887 1859 941 1901 de
959 1873 1044 1915 quo
1076 1867 1179 1902 ante
1211 1874 1367 1903 omnes
1399 1862 1583 1916 cogites,

109 1940 151 1981 iu
178 1946 407 1981 auctorum
432 1938 575 1979 indice
606 1952 692 1978 non
724 1940 995 1993 reperimus:
1026 1940 1154 1980 nobis
1184 1953 1292 1982 vero
1318 1941 1481 1996 quippe
1512 1942 1585 1997 qui

109 2019 290 2074 reliquis
304 2017 494 2060 Graecis
511 2019 802 2072 scriptoribus
821 2018 917 2060 fere
941 2020 1079 2061 simus
1110 2019 1319 2071 destituti,
1352 2021 1583 2063 Herodoto

109 2098 348 2153 praecipue
387 2096 534 2139 licebit
573 2098 654 2148 uti,
698 2112 889 2154 quocum
928 2099 1054 2140 Plinii
1097 2114 1271 2155 quoque
1303 2108 1512 2142 auctores
1542 2080 1609 2143 in-

110 2177 333 2232 plerisque
372 2178 664 2220 consentiunt.
729 2178 1042 2225 Quaerendum
1082 2186 1151 2220 est
1181 2179 1312 2234 igitur
1340 2180 1471 2221 vicini
1504 2193 1587 2221 no-

111 2270 209 2297 men
238 2255 390 2311 populi
425 2257 540 2311 quod
575 2257 632 2298 ad
665 2257 867 2298 codicum
897 2257 1132 2300 lectionem
1163 2259 1363 2314 proxime
1393 2259 1584 2303 accedit.

109 2335 173 2375 Ita
203 2348 312 2375 vero
347 2337 568 2377 scribunt:

170 2413 267 2454 cod.
299 2413 340 2453 R
370 2414 681 2466 enoaeaalioae,
715 2430 741 2470 p
771 2413 1082 2469 enoechadloe,
1118 2420 1145 2460 d
1175 2419 1445 2476 enectae-hoe,

168 2491 204 2532 T
236 2490 505 2533 enoctachee.

225 2583 381 2625 Codex
412 2583 524 2623 enim
555 2583 597 2626 A
640 2583 726 2626 huc
764 2600 905 2642 usque
949 2602 1036 2630 non
1076 2591 1281 2643 pertinet.
1354 2590 1400 2630 In
1439 2590 1590 2644 primis

113 2663 268 2705 litteris
299 2676 453 2704 omnes
485 2665 778 2717 consentiunt,
809 2666 852 2707 in
882 2665 1042 2710 ultimis
1059 2668 1154 2710 fere
1175 2670 1260 2711 det
1277 2669 1327 2711 T.
1359 2670 1449 2711 Iam
1469 2670 1589 2711 initio

115 2755 245 2783 unam
274 2741 490 2798 syllabam
522 2743 748 2786 excidisse
782 2747 1062 2789 statuendum
1092 2755 1182 2799 est,
1222 2750 1592 2804 quemadmodum

116 2819 249 2876 paulo
294 2822 430 2875 infra,
475 2829 521 2864 ut
565 2823 655 2870 alia
692 2826 897 2882 exempla
939 2841 1053 2883 quae
1100 2836 1263 2884 postea
1300 2830 1591 2885 reperiemus,

1604 1215 1651 1257 81
