1914 3237
306 138 386 180 102
916 132 1048 174 Liber
1080 133 1162 176 VI.

374 261 469 319 lon,
505 258 643 306 iuxta
678 258 879 308 fluvium
917 257 1272 322 Narragam,
1305 258 1386 323 qui
1424 257 1554 307 cadit
1586 257 1636 306 in
1655 256 1777 306 Nar-

374 364 557 413 rogam,
593 348 721 397 unde
759 348 938 399 civitati
976 364 1171 396 nomen.

418 493 589 535 Locum
621 493 840 536 difficilem
872 496 930 536 ita
962 509 985 536 c
1017 495 1139 537 libris
1169 493 1282 537 Mss.
1313 493 1507 549 Silligius
1538 492 1778 535 constituit.

308 572 454 614 Antea
489 572 720 627 legebatur
762 587 817 614 cx
859 574 1156 628 interpolatis,
1199 581 1244 614 ut
1284 573 1482 621 videtur,
1531 573 1781 613 codicibus:

312 649 633 692 Chaldaeorum
661 651 859 692 doctrina
889 651 1054 692 clarum
1086 658 1126 693 et
1150 651 1243 702 hoc,
1275 652 1386 691 sicut
1417 649 1628 705 Babylon,
1656 651 1783 690 iuxta

306 727 490 786 fluvium
519 729 800 787 Narra-qam,
844 731 920 792 qui
953 730 1072 770 «ledit
1106 730 1271 770 civitati
1299 744 1464 770 nomen.
1525 727 1685 770 Verba>
1707 727 1781 768 ‹lo-

311 809 454 847 ctrina
493 807 658 848 clarum
698 820 723 848 a
760 807 943 850 Gelenio
980 811 1146 850 omissa
1181 808 1434 848 Harduinus
1465 807 1674 856 restituit,
1711 806 1784 861 qui

312 884 438 926 simul
466 894 647 939 praeter
676 889 992 928 necessitatem
1023 885 1254 940 Babylonii
1282 885 1368 940 legi
1404 884 1549 926 voluit.
1616 884 1784 926 Verum

311 972 569 1018 comparato
600 966 803 1019 proximo
836 965 1081 1018 enuntiato,
1120 965 1193 1005 ubi
1224 963 1419 1005 Orcheni
1462 964 1626 1014 „tertia
1657 962 1786 1004 Chal.

313 1044 522 1084 dacorum
546 1044 779 1084 (10οεΓίῃείςς
802 1043 1096 1098 appellantur,
1127 1042 1318 1084 efficitur
1338 1056 1493 1084 vocem
1519 1041 1787 1093 „doctrina“

310 1136 414 1164 raro
453 1122 641 1178 alioquin
676 1136 757 1163 usu
799 1135 824 1162 a
857 1123 993 1164 Plinio
1026 1136 1104 1178 pro
1139 1122 1274 1163 sectis
1306 1121 1630 1163 Chaldaeorum
1661 1133 1787 1161 usur-

311 1203 424 1256 pari,
457 1215 566 1257 quas
602 1201 780 1255 αἱρέσεις
810 1203 1006 1242 nominat
1032 1201 1194 1243 Strabo
1224 1201 1343 1241 xvi.
1362 1199 1514 1254 p.739.
1543 1200 1649 1240 lnde
1677 1212 1786 1240 vero

286 1276 288 1279 ’
313 1280 531 1334 colligitur
554 1279 766 1334 pluralem
783 1281 1008 1334 „oppida“
1023 1293 1110 1320 non
1135 1280 1190 1320 ad
1211 1280 1336 1321 solos
1356 1279 1637 1333 Hipparenos
1656 1278 1788 1331 perti·

314 1373 436 1410 nere,
450 1360 607 1414 quibus
625 1359 887 1400 vocabulum
900 1360 1165 1413 „doctrina“
1178 1359 1388 1413 singulari
1406 1371 1587 1400 numero
1601 1357 1788 1408 additur,

314 1439 396 1480 sed
410 1437 645 1479 Orc-henos
661 1438 790 1479 etiam
806 1437 1087 1493 reliquasque
1110 1451 1261 1479 eorum
1281 1438 1414 1477 urbes
1439 1437 1594 1477 eodem
1615 1436 1789 1477 nomine

316 1516 648 1570 comprehendi.
677 1515 1000 1570 ΝηῐηὈρχηυοῖ
1014 1534 1182 1565 τινες-
1199 1513 1272 1558 καὶ
1281 1512 1555 1571 Βορσιππηυοὶ
1574 1512 1647 1556 καὶ
1670 1509 1788 1556 ἄλλοι

314 1595 479 1643 πλείους
498 1608 524 1635 a
542 1594 762 1635 Strabone
785 1594 813 1635 l.
834 1594 857 1635 l.
889 1602 1301 1635 commemorantur.
1350 1595 1438 1634 lam
1468 1593 1655 1648 primum
1687 1592 1791 1634 illud

314 1675 489 1730 quidem
520 1672 799 1714 manifestum
831 1681 914 1722 cst,
948 1673 1033 1714 (luo
1053 1671 1230 1714 flumina
1246 1671 1597 1720 commemorari,
1627 1670 1791 1712 Narra-

315 1767 414 1808 gam
432 1760 475 1794 et
491 1765 622 1793 unam
643 1765 667 1793 e
682 1752 826 1794 multis
848 1766 963 1806 quae
983 1753 1037 1793 ab
1054 1752 1281 1807 Euphrate
1310 1751 1585 1791 ducebantur
1604 1748 1789 1798 fossam,

316 1834 371 1874 ab
399 1831 630 1886 archetypi
660 1831 809 1871 scriba
841 1844 938 1871 cum
965 1843 1017 1871 eo
1036 1831 1226 1880 nomine,
1242 1830 1359 1885 quod
1379 1829 1418 1870 in
1441 1829 1642 1883 proximo
1659 1841 1794 1870 versu

318 1916 633 1964 conspexerat,
663 1915 968 1963 permutatam.
1002 1908 1245 1963 Hipparum
1279 1915 1481 1949 vocatam
1512 1906 1650 1947 fuisse
1679 1907 1794 1948 veri-

317 1990 459 2032 simile
492 1997 574 2039 est,
606 1988 809 2044 quoniam
842 1987 992 2028 ultima
1022 1988 1160 2029 verba
1192 1988 1246 2027 ad
1279 1985 1407 2026 aliam
1443 1987 1661 2039 quandam
1693 1986 1792 2028 civi-

318 2076 452 2109 tatem
483 2068 555 2109 vix
591 2067 795 2108 videntur
826 2073 1075 2120 spectasse.
1119 2066 1262 2108 Aliter
1282 2065 1456 2119 quidem
1478 2064 1668 2104 sentiunt
1685 2063 1796 2104 Har·

319 2148 492 2198 «lunius,
518 2147 589 2202 qui
611 2145 851 2199 Hipparam
880 2159 979 2186 cum
1001 2145 1238 2200 Borsippa,
1266 2144 1514 2197 Narragam
1542 2156 1639 2183 cum
1655 2143 1794 2184 Naar-

318 2241 436 2276 sarc,
468 2240 596 2281 quem
617 2224 896 2266 Ptolemaeus
913 2224 968 2265 V.
987 2224 1056 2269 26.
1078 2225 1116 2266 6.
1151 2232 1193 2266 et
1221 2223 1479 2266 Ammianus
1508 2221 1795 2263 Marcellinus

320 2305 533 2345 ΧΧΙΙΙ.6.
568 2310 927 2357 commemorant,
961 2304 1231 2359 composuit,
1275 2311 1318 2344 ct
1342 2303 1602 2344 Mannertus
1635 2300 1796 2355 Gcogr.

323 2381 411 2423 vol.
428 2381 480 2423 V.
496 2383 533 2423 2.
552 2381 695 2436 p.3S(3.
729 2395 782 2423 ac
812 2381 1010 2423 Rittcrus
1042 2381 1206 2438 Gcogr.
1237 2381 1327 2423 vol.
1346 2381 1399 2422 X.
1422 2396 1467 2435 p.
1487 2379 1580 2431 146,
1607 2379 1677 2435 qui
1696 2379 1799 2433 Hip-

326 2474 480 2514 param
512 2463 566 2502 ab
587 2462 818 2503 Ammiano
836 2462 1132 2514 Macepracta
1164 2460 1378 2520 appellari
1410 2462 1503 2501 sive
1522 2459 1672 2499 urbem
1689 2457 1798 2497 Nar-

322 2552 474 2591 ragam
516 2539 691 2581 Graece
733 2527 1000 2582 conversam
1048 2548 1179 2595 atque
1227 2539 1326 2581 alibi
1366 2538 1547 2580 Naarda
1591 2543 1796 2577 vocatam

323 2617 501 2672 intelligi
521 2619 775 2660 volucrunt:
799 2620 1046 2673 Narragam
1066 2620 1177 2661 enim
1197 2633 1293 2661 cam
1315 2618 1482 2660 fossam
1511 2615 1650 2656 fuisse
1682 2627 1795 2668 quae

325 2696 380 2736 ad
411 2699 756 2750 septentrionem
788 2697 1110 2740 Naarmalchae
1142 2699 1225 2740 sita
1266 2696 1382 2751 apud
1412 2695 1686 2736 Ammianum
1716 2706 1797 2733 no-

325 2774 438 2816 mine
470 2788 555 2816 non
588 2777 736 2818 addito
769 2777 995 2818 indicatur.
1043 2776 1204 2818 Verum
1237 2760 1319 2818 ct‘si
1350 2770 1683 2816 concedendum
1715 2775 1798 2818 cst,
