1914 3237
129 725 210 766 442

128 2180 209 2221 443

241 167 319 209 100
842 171 961 210 Liber
989 172 1087 213 XX.

236 297 417 352 ταύτης,
456 297 723 337 Dioscorides
752 298 906 353 inquit,
949 298 971 342 ὃ
1002 300 1169 355 καρπὸς
1200 301 1464 352 συλλέγεται,
1494 300 1601 343 ὅταν
1630 317 1698 343 τε-

237 377 361 423 λείως
391 372 590 432 ἁδρυνθῇ
632 378 805 431 θέρους,
851 381 923 418 καὶ
951 380 1182 432 ξἠρανθεὶς
1212 378 1496 431 ἄποτίθεται;
1528 391 1698 419 accura-

239 452 320 492 tius
353 452 571 493 collectum
605 453 723 493 tundi
746 454 906 494 Plinius
938 461 1090 496 narrat.
1151 455 1427 496 Scribendum
1459 461 1523 496 est
1555 456 1698 511 igitur:

293 556 346 560 —
374 534 519 570 semine
548 545 718 581 spumea.
756 536 819 572 Ea·
848 535 924 572 hoc
953 537 1033 572 lina
1060 537 1303 584 splendorem
1335 536 1518 582 (ralezmoe
1550 542 1701 574 aestate

293 611 472 649 tunditur
500 613 537 649 2⁴71
560 613 645 659 pila
675 609 748 649 rel.

796 700 1133 755 209=19‚80.

304 787 512 836 Tertium
549 800 708 849 genus
745 790 820 833 est
855 784 1140 849 tithymalon
1181 815 1229 820 -ω
1274 802 1479 836 mecona
1512 793 1700 845 vocant,

307 876 381 924 alii
422 872 652 938 paralion,
689 903 749 907 —
789 872 902 922 folio
944 872 1048 931 lini,
1085 872 1212 931 albo,
1270 875 1426 938 capite
1464 876 1707 939 1113911111-

310 963 435 1012 dinis
469 960 623 1009 fabae.

350 1050 468 1090 Folia
504 1049 579 1088 flos
625 1052 751 1103 caput
791 1061 816 1088 a
845 1048 1094 1089 Dioscoride
1124 1048 1197 1089 IV.
1227 1049 1306 1091 162
1351 1049 1515 1104 plenius
1547 1049 1702 1090 descri-

240 1131 415 1171 buntur:
475 1125 624 1166 eadem
665 1139 689 1166 a
719 1126 856 1166 Plinio
895 1130 1194 1166 enumerantur
1234 1127 1387 1168 omnia.
1446 1127 1554 1168 Nam
1595 1141 1703 1183 quae

241 1207 355 1262 ἄνθη
376 1207 508 1248 λευκά
534 1207 722 1245 Graecus
745 1209 891 1245 auctor
909 1204 1263 1257 commemoravit,
1295 1218 1345 1246 ea
1368 1205 1409 1245 in
1427 1205 1546 1247 codd.
1565 1204 1603 1245 V
1623 1205 1657 1245 T
1677 1205 1702 1245 d

240 1284 445 1327 vocabulo
493 1285 592 1332 folio
642 1281 751 1322 male
796 1283 973 1337 repetito
1023 1282 1321 1334 obscurantur,
1382 1296 1463 1337 quo
1515 1287 1702 1323 correcto

240 1364 405 1419 legatur
436 1365 622 1416 oportet:

292 1444 392 1491 folio
424 1442 505 1491 lini,
533 1440 669 1487 flore
698 1440 787 1478 albo
818 1438 891 1479 rel.

352 1518 389 1572 8.
419 1516 501 1560 210
533 1530 615 1557 non
641 1520 793 1569 peplin,
824 1515 921 1568 sed,
965 1519 1010 1555 ut
1040 1518 1137 1555 ante
1166 1514 1434 1556 Harduinum
1472 1515 1705 1570 legebatur,

238 1600 397 1649 peplion
437 1595 598 1635 Plinius
630 1594 932 1635 nominaverat.
962 1593 997 1647 8.
1030 1592 1109 1634 219
1142 1596 1409 1647 Pylhaqorae,
1441 1593 1478 1648 8.
1500 1593 1579 1636 222
1610 1607 1703 1633 cum

242 1674 449 1716 salmasio
491 1675 717 1724 molochen,
759 1671 797 1725 8.
829 1671 909 1714 223
940 1671 1122 1711 fortasse
1161 1679 1201 1711 a(
1241 1675 1401 1712 aculeos
1438 1671 1705 1712 scribendum

241 1758 317 1806 est,
347 1752 552 1807 Apuleius
585 1751 716 1803 enim,
763 1750 831 1805 qui
863 1749 988 1804 paulo
1021 1754 1118 1790 ante
1150 1753 1264 1789 recte
1291 1756 1477 1790 seruntur
1506 1748 1704 1800 habebat,

240 1832 305 1872 hic
337 1834 393 1871 ad
423 1844 480 1871 ac.
516 1829 697 1870 exhibet.
729 1828 766 1882 8.
799 1827 877 1870 227
908 1827 1123 1882 vulgatam
1162 1827 1385 1868 lectionem
1415 1835 1458 1868 ul
1488 1852 1537 1857 —
1569 1830 1706 1867 tradat

239 1909 400 1965 probo,
445 1922 535 1949 voc.
569 1911 809 1961 corruptum
857 1910 1077 1947 curationis
1115 1919 1207 1946 cum
1256 1905 1441 1946 editione
1478 1904 1703 1946 Parisiensi

239 1992 380 2029 vetere
413 2000 538 2042 quani
578 1985 814 2027 Gronovius
845 1984 1029 2038 inspexit
1069 1984 1110 2024 in
1142 1988 1304 2024 cubitali
1332 1983 1580 2025 mutandum
1611 1995 1705 2023 esse

239 2078 405 2107 COHSOO.

474 2164 820 2234 ῥ31,;21,85.
861 2175 951 2234 (de
988 2172 1183 2237 lapatho
1220 2171 1458 2236 loquitur)

304 2270 378 2314 cst
411 2269 571 2313 autem
622 2267 669 2311 ct
706 2262 932 2311 silvestre
982 2260 1114 2324 quod
1153 2259 1231 2308 alii
1289 2258 1483 2309 oxalida
1535 2258 1704 2323 appel—

303 2353 415 2410 lant,
453 2366 628 2416 sapore
664 2350 951 2415 proximum,
990 2348 1117 2397 foliis
1150 2349 1318 2406 acutis,
1357 2347 1523 2397 colore
1560 2347 1702 2396 betae

303 2441 564 2497 candidae,
605 2439 768 2488 radice
805 2438 1021 2495 minima,
1080 2437 1247 2494 [nostri
1284 2450 1400 2484 vero
1438 2434 1702 2497 1“11111100111,]

302 2528 378 2576 alii
417 2527 662 2592 lapathum
701 2526 1049 2583 cantherinum,
1101 2525 1159 2573 ad
1199 2529 1406 2573 strumas
1444 2552 1500 2558 ——
1542 2522 1704 2571 effica-

303 2616 560 2664 cissimum.
637 2615 721 2663 Est
758 2619 804 2663 01
840 2613 1044 2662 alterum
1089 2628 1248 2677 genus
1283 2611 1397 2669 fere,
1438 2639 1495 2646 -
1534 2609 1705 2673 oxyla-

300 2704 481 2770 pathon
521 2710 720 2761 vocant,
759 2732 821 2738 —
858 2702 1013 2750 sativo
1051 2700 1097 2748 id
1145 2700 1339 2764 quidem
1378 2697 1604 2755 similius,
1644 2726 1700 2734 -—

301 2793 391 2842 sed
427 2793 643 2841 acutiora
678 2790 792 2839 folia,
827 2806 884 2839 ac
921 2789 1137 2839 rubriora
1173 2787 1257 2835 rel.
