1914 3237
748 164 863 203 Liber
893 163 1079 203 XXXII.
1560 159 1640 203 205

179 289 306 331 cratis
336 289 442 331 libro
476 289 699 344 desumpta
729 290 842 344 apud
873 290 1114 332 Oribasium
1146 293 1197 333 ΙΙ.
1229 292 1281 334 58
1311 292 1530 345 leguntur,
1559 302 1642 330 non

181 366 366 408 debebat
394 368 625 423 negligere.
683 367 784 407 Tria
813 369 924 408 enim
954 368 1222 410 cochlearum
1253 381 1410 424 genera
1440 367 1643 422 distingu-

179 449 302 485 antur
332 449 517 499 oportet:
564 445 742 497 helices,
785 450 942 486 teretes
974 450 1016 487 et
1046 446 1255 502 oblongae
1286 446 1436 501 quibus
1468 445 1643 497 canitur,

178 521 408 575 rotundae,
452 522 602 577 quibus
633 523 769 563 oleum
813 524 1021 564 asservari
1053 525 1228 565 solebat.
1286 524 1471 564 Primum
1504 527 1642 563 autem

179 613 314 654 genus
345 613 441 640 cum
473 601 604 640 altero
635 600 746 655 apud
765 601 946 642 Plinium
974 602 1194 642 confusum
1227 602 1537 656 conflatumque
1568 608 1645 654 est,

180 691 307 732 quum
338 678 380 718 in
409 678 492 718 imo
523 678 705 719 fortasse
736 680 926 734 margine
957 679 1173 734 archetypi
1203 693 1350 721 versus
1379 679 1547 720 XXVII
1579 680 1643 719 lit-

179 759 364 796 terarum
397 755 638 807 excidisset,
669 756 862 797 ultimum
892 757 1072 812 proximi
1103 756 1356 799 vocabulum
1386 757 1429 797 in
1460 770 1508 797 eo
1526 757 1646 808 libro,

179 832 291 873 unde
323 833 357 873 B
403 833 539 874 codex
588 833 823 888 descriptus
857 839 941 887 est,
1001 835 1115 876 solus
1168 839 1464 887 conservatus,
1525 835 1565 875 in
1597 848 1646 875 eo

110 936 118 943 ·
182 910 377 965 exemplo
438 914 549 966 quod
608 912 759 952 ceteris
818 917 1185 967 repraesentatur,
1236 913 1478 953 interiisset.
1561 912 1650 954 Nos

184 989 310 1043 igitur
366 1002 470 1029 voce
508 993 615 1029 radia·
672 990 870 1044 religiose
927 995 1096 1031 servata
1147 991 1343 1032 lacunam
1386 990 1446 1031 ita
1492 991 1650 1046 expleri

180 1065 428 1107 statuimus:

235 1147 501 1194 quibam-adit?
530 1153 762 1192 est-stant,-
796 1153 981 1186 lereles
1011 1149 1197 1197 quibus
1225 1152 1275 1187 ul
1304 1149 1438 1186 tubis
1468 1153 1649 1193 cantatam

236 1231 353 1262 extra
383 1225 483 1263 haec
509 1223 582 1265 rel.

712 1304 802 1350 150
840 1323 882 1340 Ξ
918 1302 1117 1352 ibidem.
1679 1323 1753 1367 721

249 1419 302 1425 -
345 1389 567 1454 pectines
607 1390 800 1438 maximi
846 1395 893 1438 et
930 1391 1175 1455 nigerrimi
1211 1395 1430 1449 aestate,
1487 1390 1652 1439 lauda-

246 1477 418 1526 tissimi
437 1482 597 1526 autem
616 1477 874 1541 Mytilenis,
907 1478 1200 1542 Tyndaride,
1238 1478 1448 1537 SaloniS,
1485 1478 1651 1536 Altini,

247 1565 366 1615 Chia
401 1566 576 1615 insula.

290 1655 369 1695 Hic
401 1668 566 1710 quoque
599 1654 785 1710 Silligius
827 1656 917 1696 Iani
962 1656 1092 1710 copiis
1130 1655 1394 1710 negligenter
1432 1669 1534 1696 usus
1575 1660 1651 1697 est.

182 1731 307 1785 Nam,
340 1732 447 1773 sicut
477 1733 547 1773 ille
580 1733 622 1773 in
656 1732 720 1775 ed.
752 1733 961 1775 LTeubn.
980 1739 1176 1775 accurate
1204 1733 1358 1785 retulit,
1383 1738 1480 1774 ante
1511 1749 1547 1774 v.
1580 1735 1653 1786 ‚ni-

181 1810 364 1865 gerrimi‘
398 1810 492 1851 inB
524 1811 723 1865 scriptum
756 1816 895 1852 exstat
925 1815 964 1851 in
993 1815 1066 1864 leis,
1098 1811 1345 1853 rectissime.
1376 1811 1524 1866 Neque
1543 1813 1652 1852 enim

181 1889 398 1943 nigerrimi
429 1889 620 1943 pectines
644 1895 739 1930 sunt
767 1894 944 1942 aestate,
977 1890 1051 1930 sed
1071 1889 1365 1942 laudatissimi,
1397 1889 1448 1931 cf.
1468 1889 1661 1930 Xenocr.›

182 1967 207 2007 l.
240 1966 266 2006 l.
311 1967 488 2007 Maximi
524 1967 650 2021 igitur
689 1968 877 2022 pectines
909 1972 951 2009 et
987 1968 1214 2023 praecipue
1244 1968 1459 2022 nigerrimi
1501 1963 1654 2023 quiqu'e

182 2048 346 2086 aestate
377 2045 523 2100 optimi
555 2049 673 2098 sunt3
707 2049 761 2098 ,het
792 2048 1013 2087 autem‘-
1046 2060 1144 2088 nam
1174 2046 1281 2087 haec
1320 2059 1486 2101 quoque
1518 2060 1599 2087 vox
1632 2061 1653 2087 e

181 2122 217 2162 B
248 2123 498 2164 asciscenda
537 2128 627 2164 erat
656 2149 708 2153 —
741 2128 838 2164 sunt
869 2124 934 2163 vel
972 2124 1238 2179 reperiuntur
1277 2138 1361 2164 non
1400 2124 1530 2165 Altini
1579 2125 1653 2165 sed

184 2201 323 2242 Latini
353 2205 462 2241 teste
494 2200 643 2241 eodem
673 2201 929 2242 Xenocrate.
961 2203 1107 2256 ltaque
1139 2202 1229 2244 cod.
1265 2201 1300 2242 B
1333 2203 1540 2257 scriptura
1572 2207 1652 2243 alli.

184 2282 290 2318 nicia
325 2281 527 2327 (altinicc'a
558 2280 707 2327 ceteri)
746 2280 804 2319 sic
836 2279 1149 2321 emendabitur:
1507 2277 1509 2279 ¹

243 2359 394 2408 Latini,
427 2360 466 2397 in.
502 2359 598 2397 Chia
629 2361 771 2398 insula.
807 2357 869 2411 (in
900 2358 983 2398 iam
1015 2358 1066 2398 ab
1098 2359 1129 2400 Ι,
1162 2358 1352 2399 additum
1384 2359 1487 2413 est).

415 2461 744 2517 15221154.
783 2457 986 2508 Ovidius
1026 2444 1446 2509 commemoravit:
1574 2468 1764 2515 722-‘23

252 2576 311 2581 —
346 2561 543 2611 parum,
596 2550 789 2610 tragum
842 2551 890 2596 et
942 2546 1218 2612 placentem
1267 2548 1423 2597 cauda
1471 2548 1655 2597 melan-

250 2649 403 2683 urum.

293 2737 455 2774 sparum
486 2723 665 2764 coniecit
696 2723 906 2777 Hauptius
950 2736 1003 2763 ex
1032 2722 1172 2764 Ovidii
1203 2739 1238 2766 v,
1272 2725 1371 2777 106,
1411 2726 1480 2780 qui
1511 2730 1652 2766 tamen

188 2800 432 2855 ,sparulum‘
464 2801 664 2843 nominat.
728 2801 824 2841 Veri
853 2800 1028 2841 similius
1060 2814 1112 2841 ne
1149 2801 1211 2842 bis
1242 2816 1370 2844 unum
1403 2803 1652 2844 vocabulum
