1914 3237
706 190 711 192 -
732 173 846 212 Liber
875 176 1008 215 XXX
1015 175 1050 213 V.
1539 167 1620 211 223

158 301 450 366 emendantur.
513 304 586 350 Oui
623 316 716 343 mox
765 305 905 342 deinde
937 311 972 341 el
1014 315 1116 353 quae
1152 305 1365 341 invenerim
1409 307 1446 339 el
1481 302 1623 349 quibus

160 384 419 431 temporibus,
458 380 619 421 Plinius
650 381 900 435 scripserat,
939 386 983 420 ut
1013 393 1078 420 res
1117 383 1159 419 et
1189 383 1370 420 aetatem
1408 377 1622 432 particulis

160 457 349 512 repetitis
382 459 670 513 coniungeret.
730 457 868 506 Quum
895 463 1034 498 autem
1066 456 1330 511 grammatici
1360 455 1623 496 additamen-

160 540 247 575 tum
280 544 622 585 monoqrammam
655 550 702 576 ea
731 549 876 586 (jenera
903 541 1086 586 picturae
1109 542 1302 574 vocantur
1332 534 1372 574 in
1392 534 1625 574 orationem

160 614 373 667 scriptoris
397 614 666 668 reciperetur,
699 615 874 668 contigit
905 619 947 654 et
977 619 1023 654 ut
1055 627 1086 653 v.
1111 626 1203 653 moa·
1224 612 1388 653 initium
1408 611 1626 666 proximae

160 691 407 731 absorberet
437 696 478 732 et
508 697 554 731 ut
583 707 618 732 v.
649 697 716 742 qni
746 696 1022 746 repeteretur.

746 773 807 819 30
844 783 893 804 ··-
930 773 1056 827 6,1τ.
1658 761 1738 805 ῖὸῦ

227 855 477 920 Sinopidis
522 855 755 906 Ponticae
810 857 1012 915 selibra,
1067 855 1169 905 silis
1224 855 1371 904 lucidi
1419 854 1550 903 libris
1590 854 1626 902 X

229 942 314 992 rel.

272 1031 383 1071 Huic
427 1031 620 1086 equidem
659 1033 750 1073 loco
789 1048 872 1074 non
905 1040 1068 1074 tantum
1108 1032 1254 1073 auxilii
1293 1031 1443 1072 afferre
1482 1037 1628 1085 potero

162 1116 364 1165 quantum
395 1110 587 1164 proximo
620 1113 823 1165 superiori
857 1112 997 1152 sensui
1028 1110 1247 1151 Pintianus
1278 1109 1430 1161 attulit,
1463 1108 1536 1148 sed
1568 1117 1629 1147 ta-

163 1201 258 1228 men
300 1188 538 1242 elegantiae
577 1190 782 1229 sermonis
822 1189 1059 1230 consultum
1099 1201 1194 1229 esse
1225 1187 1424 1239 arbitror,
1483 1200 1575 1226 cum
1609 1199 1631 1225 e

163 1263 254 1305 cod.
278 1263 312 1304 B
344 1273 381 1304 et
405 1269 488 1305 silis
523 1266 752 1320 scripseris,

546 1347 606 1393 37
643 1361 695 1379 Ξ
735 1349 858 1403 6,19.
911 1346 1001 1403 ((10
1042 1345 1247 1403 melino)

231 1437 486 1497 praeterea
538 1431 754 1497 linguam
807 1439 938 1482 tactu
993 1436 1167 1492 siccat,
1233 1432 1358 1498 pilos
1411 1433 1632 1488 detrahit,

230 1521 429 1585 mitigat.

247 1609 353 1663 ,Nisi
384 1611 554 1664 egregie
585 1610 719 1663 fallor,
745 1610 852 1651 Plin.
877 1614 1029 1652 medica
1062 1615 1099 1651 vl
1129 1611 1320 1664 scripsit‘.
1354 1611 1418 1651 Ita
1448 1609 1633 1663 Silligius

1662 1318 1743 1362 766

166 1696 207 1730 et
252 1689 410 1729 fallitur
452 1691 636 1743 egregie.
694 1688 801 1729 Nam
849 1695 960 1730 recte
1007 1689 1177 1743 quidem
1217 1703 1238 1728 e
1284 1690 1482 1729 librorum
1514 1673 1637 1729 MSSJ

164 1767 412 1821 corruptelis
444 1767 598 1808 metica
639 1772 683 1807 ut
714 1767 749 1807 B

443 1847 629 1886 meccica
646 1852 691 1885 ut
725 1845 758 1884 V
777 1846 802 1886 d

443 1923 622 1963 metcica
652 1929 697 1964 ut
728 1924 763 1964 R

165 2001 474 2042 substantivum
508 2006 544 2042 vi
575 2001 736 2054 elicuit,
778 2001 853 2042 sed
885 2002 1138 2042 adiectivum
1172 2001 1336 2042 etiamsi
1369 2001 1480 2056 apud
1514 2000 1633 2041 Dios-

165 2079 349 2120 coridem
380 2079 431 2119 V.
466 2081 556 2132 179,
589 2094 711 2134 quem
744 2081 882 2121 locum
914 2080 1005 2134 ipse
1036 2080 1247 2131 laudavit,
1279 2080 1451 2120 verbum
1485 2079 1631 2133 σμήχει

164 2171 246 2197 non
288 2159 565 2212 repperisset,
605 2159 728 2198 Plinii
767 2158 916 2198 saltem
949 2164 1121 2199 auctore
1150 2157 1288 2198 XXX.
1321 2158 1374 2199 ‘29
1413 2157 1634 2197 restituere

163 2241 342 2289 poterat.
376 2235 489 2276 Luce
513 2236 622 2275 enim
644 2236 794 2276 clarius
817 2241 880 2277 est
907 2237 1031 2276 scribi
1065 2242 1285 2291 oportere:
1317 2240 1559 2276 smectica
1589 2239 1633 2274 vi.

757 2318 820 2364 38
845 2341 877 2358 z
918 2320 1040 2372 630.
1665 2327 1744 2370 767

238 2401 353 2450 Usta
391 2416 508 2451 casu
543 2409 731 2467 reperta
763 2403 902 2452 estin
942 2402 1170 2453 incendio
1197 2403 1394 2461 Pir-aeci,
1434 2417 1634 2451 cerussa

231 2491 276 2538 in
306 2491 433 2539 orcis
473 2498 698 2540 cremata.

274 2578 477 2620 Orcarum
511 2593 639 2633 quum
671 2580 711 2620 in
743 2580 952 2621 coloribus
983 2579 1279 2633 comparandis
1311 2579 1426 2619 nulla
1455 2591 1631 2633 usquam

165 2657 324 2698 mentio
355 2657 440 2710 fiat,
471 2657 586 2698 urcei
617 2662 758 2698 autem
792 2664 833 2699 et
861 2658 1092 2699 aVitruvio
1111 2657 1293 2699 VIL11.
1333 2662 1346 2698 l
1380 2662 1421 2698 et
1453 2671 1478 2697 a.
1498 2657 1634 2697 Plinio

164 2735 256 2789 ipso
285 2734 489 2776 XXXIV.
523 2737 600 2778 1713
634 2742 1037 2788 commemorentur,
1076 2750 1159 2776 non
1189 2750 1361 2791 possum
1395 2740 1479 2776 no'n
1508 2735 1634 2776 vehe-

165 2819 329 2856 menter
359 2816 522 2867 mirari,
560 2814 783 2856 lectionem
815 2819 924 2857 urce's
953 2828 1060 2869 quae
1091 2815 1133 2855 in
1164 2815 1218 2856 Βι
1264 2816 1470 2870 reperitur
1503 2813 1634 2854 altera
