1914 3237
224 966 279 1006 45

228 2519 282 2560 46

305 166 360 208 34
861 161 992 203 Liber
1016 161 1089 204 II.
1119 161 1220 204 III.

305 288 615 345 Nymphaeum
644 293 731 327 tam
761 291 1023 328 constanter
1047 285 1207 327 ardere
1237 284 1396 338 refert,
1429 291 1497 335 ut,
1533 285 1573 325 si
1601 284 1776 340 quando

305 367 558 409 intermittat
588 365 718 421 ignis,
750 363 976 407 calamitas
1006 365 1169 419 oppido
1191 365 1336 407 vicino
1366 363 1590 405 imminere
1623 363 1777 404 videa-

305 454 386 489 tur.
426 445 535 487 Loci
565 451 711 486 autem
741 444 871 487 situm
899 449 987 484 tam
1018 442 1232 485 similibus
1259 443 1410 485 verbis
1441 442 1677 496 descripsit
1693 441 1778 482 Dio

306 524 434 567 Cass.
449 524 562 566 XLI.
580 523 650 574 45,
680 530 728 565 ut
756 522 950 564 nemoris
980 521 1291 563 iucunditatem
1323 521 1465 563 eidem
1494 522 1628 561 monti
1650 520 1778 561 tribui

303 602 538 644 manifesto
567 608 795 657 appareat.
833 600 1040 643 Ceterum
1069 614 1150 654 pro
1177 599 1368 658 qelidum
1393 613 1491 642 cum
1523 599 1720 641 Pintiano
1753 614 1776 640 e

306 682 527 725 Strabone
559 681 650 723 Vll.
675 696 718 736 p.
740 679 835 722 310.
864 678 1076 736 eqelidum
1103 679 1279 734 scripsi.

887 847 1083 903 LIBER
1116 847 1207 903 ΙΙΙ.

848 962 893 1022 1,
914 961 944 1008 2
964 985 1010 1003 =
1035 960 1170 1008 Sect.
1192 961 1237 1007 1.

372 1080 689 1145 Quapropter
723 1080 973 1122 auctorem
1002 1073 1245 1121 neminem
1281 1088 1428 1121 unum
1464 1089 1656 1137 sequar,
1689 1073 1776 1121 sed

370 1175 425 1217 ut
460 1183 703 1233 quemque
737 1163 1045 1214 verissimum
1087 1163 1136 1211 in
1172 1179 1362 1228 quaque
1400 1169 1538 1227 parte
1577 1162 1776 1210 arbitra-

370 1261 476 1307 bor.
546 1255 789 1322 Quoniam
827 1269 1082 1326 commune
1118 1253 1275 1300 ferme
1322 1253 1543 1300 omnibus
1589 1253 1681 1300 suit
1726 1260 1778 1300 ut

372 1365 457 1398 eos
495 1347 701 1413 quisque
736 1343 1103 1409 diligentissime
1140 1342 1260 1391 situs
1297 1342 1486 1391 diceret
1514 1342 1570 1390 'in
1604 1342 1776 1407 quibus

368 1439 476 1505 ipse
525 1437 795 1503 prodebat,
855 1434 967 1483 ideo
1012 1451 1103 1482 nec
1156 1434 1360 1499 culpabo
1397 1440 1480 1482 aut
1518 1449 1774 1498 coarguam

371 1544 677 1594 quemquam.

414 1627 629 1678 Elumbis,
657 1626 695 1668 si
724 1625 842 1666 hanc
874 1621 1026 1677 Silligii
1054 1623 1453 1678 interpunctionem
1485 1624 1701 1680 sequaris,
1734 1631 1777 1664 et

302 1707 570 1751 inconcinna
608 1703 838 1746 sententia.
909 1700 1123 1742 Diversos
1161 1702 1204 1743 in
1236 1702 1424 1744 diversis
1463 1704 1664 1758 partibus
1701 1715 1775 1744 au-

305 1796 456 1829 ctores
487 1797 537 1827 se
567 1784 736 1825 idcireo
772 1789 1027 1823 secuturum
1055 1794 1158 1822 esse
1189 1781 1248 1821 ait
1282 1780 1460 1836 Plinius,
1487 1782 1693 1837 quoniam
1723 1795 1777 1823 ea

304 1873 472 1908 tantum
504 1861 663 1917 singuli
692 1868 904 1902 accurate
936 1860 1224 1914 prodiderint,
1254 1872 1368 1914 quae
1392 1869 1439 1901 ut
1467 1863 1615 1903 vicina
1646 1876 1775 1904 accu-

304 1952 401 1987 rate
423 1942 671 1990 novissent,
696 1946 828 1994 atque
856 1946 1098 1994 propterea
1127 1951 1216 1980 non
1247 1951 1302 1979 ea
1328 1938 1632 1994 vituperanda,
1660 1954 1774 1996 quae

304 2023 547 2073 nescirent,
579 2020 660 2062 sed
684 2032 797 2074 quae
820 2025 944 2060 recte
962 2017 1250 2073 protulissent
1267 2016 1491 2058 laudanda
1508 2031 1626 2060 esse.
1657 2018 1774 2060 Scri-

305 2102 497 2145 bendum
527 2105 596 2141 est
625 2098 776 2152 igitur:

363 2176 628 2228 arbitrabor,
662 2176 866 2237 quoniam
897 2199 951 2208 —-
984 2172 1211 2230 prodebat5
1253 2173 1348 2215 ideo
1384 2187 1464 2215 nec
1493 2173 1669 2231 culpabo
1699 2182 1774 2216 aut

362 2272 592 2315 coarqussm
620 2268 891 2317 qllenlquain·

416 2335 578 2377 Ultima
609 2333 749 2374 verba
784 2345 873 2374 non
914 2345 1017 2374 esse
1054 2331 1295 2386 apodosin,
1346 2330 1428 2372 sed
1471 2330 1574 2371 novi
1612 2329 1772 2385 aliquid

306 2416 500 2458 adiicere
528 2415 613 2455 iam
646 2411 896 2454 Harduinus
924 2409 1277 2465 interpunctione
1306 2408 1587 2465 significavit.

922 2513 952 2559 6
971 2533 1022 2556 =
1046 2513 1092 2573 1,
1113 2512 1159 2559 2.

371 2617 429 2665 In
467 2633 526 2664 eo
562 2615 719 2681 prima
752 2612 997 2678 Hispania
1041 2619 1284 2661 terrarum
1329 2618 1404 2660 est
1452 2609 1654 2660 ulterior
1689 2627 1770 2676 ap-

372 2707 564 2772 pellata,
603 2706 774 2754 eadem
808 2703 1040 2764 Baetica3
1083 2720 1198 2752 mox
1235 2719 1263 2752 a
1294 2703 1392 2751 fine
1427 2700 1667 2765 Urgitano
1705 2701 1770 2749 ci-

369 2795 520 2845 terior
557 2796 826 2861 eademque
851 2793 1237 2844 Tarraconensis
1273 2793 1333 2840 ad
1359 2791 1606 2856 Pyrenaei
1638 2790 1766 2856 iuga.
