1914 3237
204 1072 281 1113 112

221 2433 299 2473 113

302 160 357 202 84
927 155 1058 197 Liber
1091 154 1144 197 V.

301 280 532 334 archetypi
563 278 665 320 inde
697 278 909 333 descripti
940 285 1192 321 contextum
1220 283 1451 332 receptam
1482 291 1585 320 esse
1615 279 1770 321 existi-

299 373 426 401 mem.
484 356 690 399 Ceterum
716 357 758 399 in
789 357 1088 412 praecedente
1120 357 1345 399 enuntiato
1375 369 1461 412 quo
1484 357 1605 399 urbis
1621 355 1771 413 Cyzici

300 438 410 479 situs
442 435 720 489 describitur,
753 436 965 477 immerito
989 435 1078 480 Sill.
1107 436 1291 478 lacunae
1324 435 1511 491 vestigia
1542 435 1772 491 quaesivit.

300 515 463 556 Verbis
501 515 613 556 enim
650 516 814 568 „cuius
852 528 878 555 a
908 515 1075 555 vertice
1114 528 1240 556 mons
1281 514 1569 568 Dindymus“
1615 520 1774 554 vertex

302 593 450 648 oppidi
496 595 628 646 (nam
665 593 873 648 oppidum
909 592 1165 646 pronomine
1205 593 1390 634 relativo
1429 591 1667 648 significari
1697 605 1774 646 ap-

303 673 458 727 paret)
498 679 566 712 est
600 684 705 725 pars
741 670 867 712 altior
897 670 1084 710 civitatis
1114 683 1228 724 quae
1259 671 1392 712 monti
1422 670 1639 712 Ursorum
1670 683 1775 711 sese

304 750 519 806 applicat,
562 763 680 805 ponc
711 762 838 803 quem
869 748 1116 803 Dindymus
1147 748 1381 790 extollitur.
1443 747 1634 804 Cyzicus
1663 748 1776 790 enim

305 831 461 883 partim
499 841 580 882 per
614 840 816 880 campum
856 827 1177 867 extendebatur
1219 829 1377 881 partim
1419 834 1611 869 montem
1649 839 1778 881 quem

296 904 484 962 ’Ἄρκτων
513 902 609 960 ὅρος
640 905 802 946 Strabo
833 904 927 944 ΧΠ.
959 919 1001 957 p.
1022 903 1118 944 596.
1149 903 1361 958 appellat,
1395 903 1540 958 aliqua
1565 917 1621 945 ex
1653 910 1779 958 parte

306 985 570 1038 occupabat.
641 982 775 1023 Redit
813 981 1134 1023 Artacaeorum
1168 995 1328 1023 nomen
1360 982 1397 1038 §.
1424 982 1517 1036 151,
1558 982 1630 1024 ubi
1667 983 1781 1024 inter

306 1068 475 1111 insulas
499 1067 647 1123 Cyzici
667 1068 838 1109 vicinas
869 1074 1181 1108 enumerantur
1216 1061 1412 1110 Halone
1442 1078 1551 1110 cum
1581 1061 1779 1126 oppido,

309 1152 598 1218 Delphacie‚
632 1151 899 1216 Polydora‚
936 1151 1213 1200 Artacaeon
1252 1167 1360 1199 cum
1400 1151 1597 1216 oppido.

421 1243 599 1284 Fuisset
629 1241 758 1295 igitur
792 1242 964 1282 tertium
996 1241 1125 1281 etiam
1156 1241 1363 1295 oppidum
1378 1242 1544 1283 Artace
1574 1242 1618 1282 in
1638 1239 1782 1282 insula

312 1322 586 1377 cognomine.
650 1320 797 1374 Atque
833 1319 950 1360 hanc
986 1320 1158 1373 quidem
1196 1319 1317 1360 novit
1347 1319 1510 1361 Strabo
1542 1318 1630 1370 l.l.,
1662 1318 1783 1373 oppi-

314 1401 412 1442 dum
443 1414 530 1441 non
561 1406 897 1448 commemorat,
943 1398 1001 1437 ita
1033 1405 1079 1438 ut
1108 1398 1178 1438 vix
1208 1397 1308 1438 mihi
1341 1398 1655 1451 persuadeam,
1696 1410 1784 1438 uno

315 1480 556 1532 eodemque
588 1476 687 1518 loco
722 1476 885 1531 duplex
917 1489 969 1516 eo
998 1476 1172 1516 nomine
1193 1475 1335 1518 fuisse
1353 1477 1577 1531 oppidum,
1601 1475 1786 1517 alterum

312 1558 354 1598 in
386 1555 619 1611 peninsula
637 1554 976 1609 Cyzicenorum,
1007 1553 1190 1596 alterum
1221 1555 1263 1595 in
1294 1554 1437 1596 insula
1462 1556 1606 1598 situm.
1669 1555 1786 1602 Qua-

312 1642 497 1690 propter
536 1633 736 1674 scribere
779 1631 923 1672 malim
962 1630 1177 1686 Polydora
1205 1634 1455 1674 Artaeaeon
1492 1647 1589 1673 cum
1622 1632 1785 1689 oppido,

315 1713 490 1755 scilieet
540 1710 763 1764 l’olydora
806 1710 1042 1752 nominato,
1129 1709 1393 1764 Polydoram
1441 1711 1554 1752 enim
1600 1709 1787 1752 insulam

314 1803 457 1845 prope
485 1788 696 1842 Cyzicum
728 1787 855 1828 sitam
890 1785 1028 1829 fuisse
1060 1788 1237 1829 tradidit
1259 1788 1513 1841 Stephanus
1535 1804 1647 1840 s.v.,
1672 1803 1785 1845 quae

317 1869 490 1924 quidem
521 1866 651 1908 facile
683 1865 777 1907 fieri
821 1866 957 1919 potuit
987 1873 1033 1907 ut
1065 1866 1384 1907 Artacaeorum
1416 1880 1518 1909 esse
1551 1869 1787 1909 diceretur.

318 1946 538 1987 Graecum
567 1952 711 1986 autem
742 1945 976 1998 genitivum
1004 1957 1028 1984 a
1054 1943 1188 1985 Plinio
1212 1944 1433 1986 Graecum
1462 1953 1689 1988 auctorem
1718 1960 1787 1988 se·

319 2032 421 2067 cuto
459 2024 657 2065 adhiberi
697 2023 794 2078 quis
831 2023 1035 2063 miretur?
1106 2023 1271 2063 Verum
1305 2022 1477 2064 dubiam
1511 2038 1606 2066 cam
1644 2024 1788 2066 conie-

321 2111 488 2145 cturam
524 2102 582 2142 ita
619 2101 821 2156 profero,
866 2108 912 2142 ut
952 2101 1047 2155 ipse
1085 2101 1288 2142 dubitem.
1358 2100 1596 2156 Aliquanto
1633 2104 1669 2160 ξ.
1695 2103 1787 2145 143.

321 2182 609 2223 confidentius
651 2193 730 2234 pro
761 2179 993 2220 Malianda
1033 2179 1313 2221 scribendum
1347 2193 1448 2221 esse
1490 2195 1655 2223 censeo
1686 2182 1790 2223 Ma-

321 2259 503 2313 riamla‚
538 2260 654 2299 unde
686 2258 1076 2312 Mariandyuorum
1115 2272 1273 2299 nomen
1312 2259 1484 2300 ductum
1517 2273 1620 2302 esse
1651 2273 1789 2315 appa-

322 2346 404 2380 ret.
465 2337 762 2392 Mariandyne
791 2337 874 2377 iam
907 2335 1159 2378 Harduiuus
1190 2337 1457 2380 coniecerat.

872 2438 968 2486 150
987 2462 1038 2482 =
1060 2438 1139 2499 32,
1162 2437 1243 2486 43.

489 2527 602 2575 dein
632 2528 937 2577 Naulochum
975 2528 1385 2593 promontorium3
1420 2528 1635 2577 Estiae
1672 2535 1789 2576 tem-

389 2618 520 2681 plum
557 2618 788 2682 Neptuni.

436 2707 481 2747 ln
522 2707 818 2749 describendo
856 2707 1060 2762 Bosporo
1097 2708 1262 2750 Plinius
1305 2721 1402 2750 eum
1433 2707 1629 2749 ordinem
1669 2713 1790 2748 tenet

325 2792 371 2827 ut
406 2799 433 2827 a
473 2786 740 2839 Propontide
779 2787 958 2840 incipiat
995 2794 1039 2827 et
1073 2786 1416 2840 septentrionem
1462 2798 1622 2827 versus
1661 2784 1789 2827 locos
