1914 3237
719 153 852 197 Liber
883 154 1028 198 VIII.
1559 155 1636 198 141

165 276 280 331 quod
318 277 452 318 catuli
496 276 752 331 pantheram
785 284 913 318 extra
944 278 1204 320 solitudines
1233 277 1303 320 vel
1332 278 1374 319 in
1405 277 1639 332 quemlibet

163 353 304 396 locunt
325 356 658 404 comitabantur,
686 355 767 394 sed
792 355 908 409 quod
938 354 1033 394 fera
1062 356 1161 407 ipsa
1186 356 1364 396 deserta
1388 356 1639 411 relinquere

164 435 370 476 audebat.
416 433 566 486 ltaque
597 430 769 472 catulos
802 439 982 472 matrem
1015 432 1161 472 statim
1194 435 1402 488 prosequi
1433 435 1640 489 coepisse

163 511 395 565 participio
431 510 669 559 indicatur,
707 508 927 549 hominem
959 516 1104 550 autem
1135 522 1161 549 a
1194 509 1410 563 panthera
1441 514 1482 553 in
1514 513 1641 555 habi-

166 596 280 629 tatas
312 601 487 642 quoque
518 586 725 640 regiones
759 587 993 627 deductum
1013 601 1114 629 esse
1143 587 1495 643 interpunctione
1524 590 1641 633 hunc

164 666 206 706 in
237 666 413 706 modum
445 673 650 707 correcta
683 664 958 707 declaratur:

222 746 380 786 exemit
409 745 573 786 catulos
603 760 697 786 eam
723 752 1043 807 prosequentes,
1072 760 1208 806 usque
1237 752 1365 787 extra
1388 746 1642 787 solitudines

221 823 433 865 deductus
463 824 578 865 laeta
609 829 738 884 atque
764 824 984 881 qeslieute.

733 929 797 976 67
819 952 863 970 Ξ
890 927 969 989 18,
993 927 1075 975 26.
1669 947 1749 990 175

235 1044 404 1076 omnes
467 1034 627 1076 autem
683 1028 928 1093 (cameli)
975 1027 1300 1076 iumentorum
1362 1028 1642 1077 ministeriis

233 1120 382 1167 dorso
402 1120 669 1182 funguntur
700 1128 844 1183 atque
875 1119 1018 1167 etiam
1049 1119 1326 1183 equitatu
1355 1119 1404 1166 in
1425 1120 1641 1184 proeliis.

277 1218 525 1260 ministeriis
562 1232 586 1260 e
621 1217 829 1259 librorum
863 1219 973 1260 Mss.
1010 1219 1199 1259 lectione
1237 1220 1282 1258 iu
1316 1218 1382 1259 Iu's
1413 1220 1539 1259 terris*
1576 1221 1644 1261 vel

168 1299 212 1337 in
242 1299 293 1337 iis
321 1298 449 1338 terris
480 1298 619 1340 Solini
641 1298 740 1340 loco
767 1313 805 1339 c.
820 1299 887 1340 49.
905 1312 1012 1340 usus
1034 1299 1214 1354 egregie
1235 1299 1479 1341 Salmasius
1497 1300 1646 1356 p.987.

169 1377 328 1419 effecit.
388 1378 504 1418 ltlem
538 1379 667 1418 etiam
696 1393 737 1419 v.
769 1380 964 1440 equitatu
995 1386 1248 1432 corruptam
1283 1393 1387 1420 esse
1417 1379 1645 1420 intellexit.

170 1456 334 1498 Cameli
367 1458 479 1497 enim
512 1458 706 1512 equitatu
738 1457 859 1511 fungi
900 1472 986 1498 non
1028 1467 1241 1513 possunt,
1281 1473 1411 1513 quum
1445 1474 1531 1500 non
1562 1460 1646 1513 ipsi

170 1538 295 1592 equis
325 1538 558 1578 insideant.
629 1537 888 1593 Fungnntur
918 1539 1157 1579 ministerio
1192 1539 1307 1592 quod
1339 1538 1448 1578 alias
1480 1539 1645 1593 equita-

170 1623 240 1656 tus
285 1623 496 1669 praestat.
572 1616 727 1670 Neque
771 1623 916 1656 tamen
956 1629 1068 1669 opus
1108 1623 1175 1656 est
1216 1623 1261 1655 ut
1295 1629 1391 1656 cum
1427 1616 1645 1658 Salniasio

169 1694 302 1733 vicem
332 1694 548 1753 equitatus
577 1692 793 1747 legamus.
857 1693 968 1740 Qum
1002 1693 1113 1733 enim
1148 1694 1187 1733 in
1207 1695 1307 1736 cod.
1331 1694 1355 1734 d
1388 1695 1650 1755 equitatulssss

171 1772 210 1810 in
244 1771 284 1810 R
315 1772 553 1830 equitatum
593 1771 634 1810 in
666 1780 698 1812 Θ
742 1772 957 1830 equitatus
988 1771 1259 1825 reperiatur,
1298 1781 1487 1826 apparet
1517 1773 1646 1815 finem

171 1850 374 1892 vocabuli
407 1850 446 1890 in
480 1849 724 1904 archetypo
757 1863 955 1890 mancum
986 1849 1140 1891 fuisse.
1206 1851 1452 1892 Genitivnm
1484 1854 1646 1907 requiri

172 1928 450 1969 manifestum
483 1936 564 1974 est,
598 1941 724 1981 quem
744 1926 989 1967 Salmasius
1019 1928 1234 1987 equitatus
1265 1927 1404 1969 fuisse
1437 1932 1646 1980 coniecit3

172 2008 325 2048 melius
355 2006 546 2047 fortasse
581 2018 604 2045 e
638 2004 733 2045 cod.
762 2003 802 2044 R
833 2004 1102 2065 equitatuum
1132 2006 1397 2049 restituetur.

742 2106 805 2153 79
824 2129 873 2149 =
892 2106 971 2166 21,
995 2108 1073 2154 33.
1671 2133 1754 2176 175

237 2198 468 2246 Iniiciunt
503 2198 588 2245 has
635 2196 933 2263 (mustelas)
979 2198 1198 2245 cavernis
1238 2199 1646 2269 (basiliscorum)

240 2289 380 2336 facile
413 2287 617 2352 cognitis
651 2286 739 2334 soli
778 2288 913 2346 tabe3
949 2295 1124 2334 necant
1154 2287 1264 2335 illae
1303 2289 1443 2338 simul
1478 2292 1646 2355 odore,

241 2376 611 2441 moriunturque
649 2383 697 2423 et
726 2383 927 2448 naturae
965 2393 1126 2441 pugna
1164 2379 1437 2428 conficitur.

285 2477 474 2518 Sensum
502 2476 589 2517 loci
621 2484 742 2517 recte
776 2475 971 2530 Silligius
1002 2477 1223 2531 explicuit.
1281 2480 1459 2522 Scilicet
1488 2491 1648 2525 muste-

171 2555 244 2596 lae
279 2554 408 2596 simul
446 2560 610 2595 necant
645 2553 877 2594 basiliscos
914 2561 956 2594 et
991 2555 1162 2608 quidem
1197 2557 1335 2597 odore
1376 2567 1418 2598 et
1456 2574 1646 2603 Commo·

172 2636 366 2685 riuntur,
413 2649 498 2689 quo
539 2633 658 2674 exitu
694 2633 885 2686 ingenita
927 2634 1188 2676 animalibus
1228 2636 1446 2678 inimicitia
1492 2638 1647 2682 finitur.

176 2713 266 2754 Sed
303 2727 432 2769 quam
468 2711 538 2753 ille
579 2712 924 2766 transpositione
962 2712 1126 2755 inferre
1165 2723 1348 2757 conatur
1388 2719 1535 2759 verbis
1569 2720 1648 2761 Pli-

174 2792 314 2834 nianis
343 2792 603 2836 sententiam
630 2800 830 2843 „necant
859 2793 998 2835 odore
1030 2794 1359 2852 moriunturque
1388 2794 1488 2841 illae
1518 2799 1647 2843 simul
