1914 3237
327 118 382 159 50
940 116 1072 158 Liber
1101 118 1125 159 1
1133 118 1188 159 V.

324 246 544 302 positione
578 245 635 286 ibi
677 252 844 287 tantum
881 247 1088 289 mutanda
1124 261 1229 290 esse
1265 248 1367 304 ipsa
1401 249 1542 291 verba
1579 249 1798 293 existima-

323 338 431 376 rem,
459 324 531 365 ubi
557 330 681 365 recte
702 331 746 365 et
767 326 1030 367 necessario
1054 328 1209 368 mutari
1232 326 1481 369 luculenter
1506 328 1796 370 demonstrari

321 407 490 456 posset.
536 400 821 444 cumulantur
849 416 956 445 vero
989 404 1127 445 verba
1156 404 1326 455 similia,
1358 404 1416 445 ita
1445 413 1491 446 ut
1512 405 1631 460 §.QZ
1666 406 1799 447 Locri

321 480 612 536 Epicnemidii
654 482 1014 537 cognominantur
1059 481 1158 522 olim
1208 482 1384 540 Leleqes
1426 484 1639 540 appellati.
1720 483 1796 526 Sic

320 560 449 616 igitur
481 560 725 615 scripsisse
760 560 934 601 videtur
965 558 1155 599 Plinius:

375 655 492 694 inter
510 668 614 714 qnos
630 654 769 711 Argos
785 654 994 710 Hippiam
1008 653 1353 710 cognominatum
1376 654 1579 710 appella
1590 661 1796 715 tumque

375 733 486 773 alias
512 732 764 786 Inachium,
796 733 906 774 alias
928 732 1197 787 Dipsium...
1233 731 1448 783 Troezen,
1480 732 1793 789 Cotyphasium

376 811 529 869 Arqos.

239 927 294 967 67
952 920 1156 969 Ibidem.

386 1024 583 1073 Montes
613 1024 761 1071 Arte
775 1022 952 1083 miuS‚
989 1022 1281 1086 Apesantus.

428 1142 627 1184 Priorem
666 1138 782 1180 infra
823 1137 863 1194 ᾗ.
883 1138 950 1179 21.
992 1138 1119 1180 sicuti
1155 1138 1314 1194 reliqui
1351 1154 1505 1182 omnes
1543 1141 1791 1196 scriptores

318 1219 599 1264 Artemisium
617 1218 824 1259 nominat.
848 1215 1076 1272 syllabam
1096 1217 1223 1273 igitur
1240 1217 1466 1269 hocloco,
1480 1220 1598 1273 quod
1609 1221 1791 1276 saepius

317 1298 482 1341 factum
505 1310 610 1339 esse
631 1296 893 1345 videbimus,
932 1296 1156 1338 excidisse
1176 1294 1378 1338 'arbitror
1416 1305 1460 1338 et
1482 1298 1790 1340 scribendum:

652 1380 826 1421 BIontes
856 1379 1009 1419 Artem
1021 1380 1164 1431 isius,
1194 1381 1457 1437 Apesantus.

427 1477 706 1520 Adiectivum
738 1476 851 1517 enim
876 1472 1086 1531 Ἀρτεῇιιιος
1114 1477 1233 1530 (nam
1256 1478 1308 1518 de
1328 1476 1573 1519 nominibus
1594 1477 1789 1533 propriis

315 1558 401 1600 alia
419 1571 495 1600 res
519 1558 608 1611 est)
646 1569 702 1597 ne
725 1555 947 1598 Graecum
985 1555 1158 1609 quidem
1197 1569 1300 1598 csse
1332 1569 1597 1610 persuasum
1626 1555 1787 1598 habeo.

235 1707 291 1748 53
897 1683 1100 1744 20=6‚
1123 1683 1202 1732 10.

381 1775 794 1843 Megalopolis
834 1778 913 1820 rel.

424 1890 614 1931 Primum
645 1901 725 1942 pro
753 1883 1031 1942 Meqalopolis
1055 1897 1078 1924 e
1107 1883 1234 1925 codd.
1259 1883 1339 1924 Ad
1361 1882 1536 1925 Graeca
1566 1892 1608 1926 et
1638 1887 1787 1942 exqui-

311 1970 435 2013 sitior
461 1968 603 2010 forma
635 1962 911 2022 Dleqalepolis
935 1963 1192 2017 recipienda
1215 1970 1296 2013 est,
1326 1970 1413 2003 tum
1446 1964 1487 2004 in
1508 1962 1595 2006 fine
1623 1963 1786 2006 lacuna

311 2049 545 2104 explenda.
576 2045 759 2101 Legitur
777 2043 853 2084 ibi:
889 2040 1180 2093 Clitorium,
1214 2042 1458 2083 Cleonae.-
1490 2043 1627 2082 inter
1655 2057 1786 2104 quae

311 2129 412 2169 duo
442 2125 632 2184 oppida
664 2121 1016 2180 reqioNemea
1046 2127 1144 2171 est,
1167 2119 1514 2162 Bembinadia
1542 2122 1782 2164 vocitata.

308 2208 368 2250 At
386 2221 495 2249 vero
515 2219 604 2246 non
625 2204 737 2244 inter
758 2200 982 2243 Clitorium
1004 2199 1287 2253 Cleonasque
1307 2200 1392 2240 sita
1414 2207 1524 2252 crat,
1555 2200 1636 2242 sed
1671 2201 1784 2242 inter

310 2286 505 2329 Cleonas
533 2291 576 2325 et
594 2282 853 2331 Phliuntem,
870 2278 925 2320 cf.
946 2278 1107 2320 Strabo
1119 2277 1229 2319 Vlll.
1244 2278 1397 2334 p.377.
1435 2279 1586 2333 Itaque
1623 2279 1781 2334 paucis

306 2364 507 2406 litterulis
529 2361 688 2402 additis
713 2358 993 2400 scribendum
1017 2364 1102 2398 est:
1126 2355 1279 2407 Clitor,
1303 2355 1506 2396 Plotium
1527 2356 1593 2409 (ut
1610 2355 1783 2398 Orcho·

307 2457 480 2485 menum
524 2441 633 2495 aL),
675 2424 874 2480 Cleonae.
945 2435 1124 2489 Repetit
1162 2442 1306 2475 autem
1349 2433 1510 2475 Plinius
1547 2442 1779 2489 utrumque

305 2536 466 2564 nomen
490 2522 574 2562 iam
593 2531 729 2572 supra
750 2515 788 2571 ξ.
804 2515 869 2555 12.
884 2522 926 2556 et
947 2515 1014 2556 13.
1034 2515 1228 2566 allatum,
1247 2514 1450 2569 quoniam
1471 2512 1558 2554 illic
1579 2512 1779 2555 Achaiae

306 2600 552 2642 tribuuntur
586 2596 768 2651 oppida,
806 2592 878 2635 hic
916 2608 971 2635 ex
1005 2593 1090 2635 alio
1126 2601 1310 2635 auctore
1343 2592 1583 2634 Arcadiae.
1647 2591 1779 2638 Quod

304 2679 389 2720 iam
420 2692 446 2718 a
475 2676 647 2731 Nigidio
688 2673 849 2715 sactum
890 2678 1008 2723 erat,
1052 2670 1108 2714 cf.
1129 2670 1282 2715 Schol.
1305 2672 1488 2716 Caesar.
1508 2670 1657 2712 Germ.
1680 2669 1775 2712 148.

305 2756 423 2812 apud
457 2754 648 2796 Curtium
678 2751 767 2794 vol.
788 2752 836 2793 ll.
858 2750 1010 2805 p.587.

1834 498 1860 519 «Υ
