1914 3237
246 184 273 226 8
846 184 962 223 Liber
992 185 1109 225 XVI.

245 313 366 364 letur,
391 325 484 352 curn
504 311 759 352 scribemus:
791 316 915 353 odore
939 317 1170 365 (fraliorem,
1202 311 1313 368 quod
1329 316 1469 354 exstat
1486 313 1528 354 in
1546 313 1636 354 cod.
1658 314 1707 355 T.

246 389 425 431 Codices
457 402 482 429 a
511 389 537 430 d
577 403 749 444 pravam
788 391 1105 446 congruentiam
1137 404 1310 432 casuum
1341 391 1473 431 secuti
1503 394 1612 432 sunt.

134 543 215 586 262
822 538 883 583 64
904 537 1134 592 =13,24.

307 631 507 696 Experti
546 633 816 697 prodimus,
867 633 907 682 si
943 633 1116 683 fronde
1153 650 1211 683 ea
1231 649 1456 699 gyroque
1487 633 1708 683 cludatur

306 721 434 784 ignis
473 725 519 768 et
557 735 791 784 serpens,
828 721 876 769 in
911 720 1054 785 ignes
1091 722 1254 786 potius
1291 737 1434 785 quam
1476 721 1523 769 in
1564 721 1708 770 fraxi-

306 823 419 856 num
457 807 628 871 fugere
665 812 960 872 serpentem.

353 904 558 960 Copulam
577 913 613 945 ec
643 905 865 947 delendam
892 920 985 947 esse
1016 907 1180 948 censuit
1200 905 1256 958 S„
1288 905 1443 947 delevit
1471 907 1515 959 1.,
1547 907 1706 948 scilicet

241 997 389 1038 gyrum
419 983 590 1038 igneum
620 984 798 1039 intelligi
827 985 918 1025 rati.
949 984 1056 1024 Tum
1080 999 1178 1026 vero
1201 985 1331 1025 altero
1356 984 1447 1026 loco
1479 998 1562 1025 non
1592 985 1704 1026 idem

241 1061 548 1102 substantivum
580 1066 854 1116 repeteretur.
909 1062 1003 1103 Hoc
1024 1062 1123 1104 dicit
1138 1063 1319 1103 Plinius:
1353 1063 1386 1103 si
1417 1062 1526 1117 ignis
1547 1067 1589 1103 et
1621 1076 1707 1104 ser-

240 1152 345 1195 pens
366 1153 447 1180 uno
464 1139 624 1180 frondis
643 1153 745 1195 gyro
771 1140 1053 1192 includuntur,
1078 1154 1252 1195 serpens
1275 1140 1467 1181 frondem
1486 1145 1706 1195 tantopere

239 1217 452 1271 formidat,
482 1222 528 1258 ut
556 1218 598 1258 in
634 1219 772 1273 ignem
800 1232 845 1260 se
876 1218 1083 1260 coniiciat.
1114 1220 1261 1274 Itaque
1286 1219 1418 1259 altera
1448 1219 1600 1273 copula
1631 1233 1704 1273 gy-

239 1309 408 1346 rumque
438 1309 460 1336 e
490 1296 682 1350 proxima
703 1296 864 1351 syllaba
894 1301 986 1338 orta
1012 1296 1201 1338 deleatur
1232 1301 1397 1352 oportet
1427 1300 1469 1337 et
1487 1300 1634 1336 circum
1664 1295 1706 1335 in

237 1373 328 1414 cod.
360 1387 384 1414 a
414 1374 616 1415 omissum
648 1387 670 1414 e
701 1374 736 1414 T
768 1374 794 1415 d
824 1375 1092 1417 restituatur:
1123 1387 1225 1427 ayro
1257 1377 1633 1415 circumclaudatur.

821 1525 1123 1580 68:16‚27.

129 1577 209 1623 263
303 1621 441 1671 Nunc
471 1622 593 1670 intra
628 1621 894 1686 pugillares
916 1622 1251 1685 lectorumque
1274 1621 1456 1671 silicios
1476 1626 1558 1670 aut
1587 1621 1705 1670 lam-

303 1725 391 1759 nas
428 1724 534 1759 raro
572 1725 663 1759 usu
697 1713 946 1774 spectatur
986 1708 1352 1770 (molluscum).

346 1808 442 1849 Non
470 1822 642 1863 possum
672 1822 755 1849 non
786 1808 926 1849 mirari
956 1822 1033 1850 nec
1067 1809 1308 1864 S.neque1.
1338 1810 1380 1850 in
1397 1809 1476 1850 hoc
1495 1809 1588 1850 loco
1605 1807 1704 1849 hae-

237 1886 364 1927 sisse:
410 1886 604 1941 equidem
642 1899 709 1927 me
746 1886 930 1945 qui-sint
990 1886 1206 1938 ‚lectorum
1238 1887 1370 1928 silicii‘
1430 1901 1483 1928 ne
1514 1887 1701 1927 divinare

238 1963 406 2019 quidem
444 1963 591 2006 fateor.
652 1963 800 2004 Codex
830 1964 873 2005 al
906 1964 1034 2005 habet
1072 1968 1247 2005 siblice‘os
1279 1973 1373 2015 aut,
1414 1964 1525 2020 quod
1555 1965 1703 2005 litteris

239 2041 402 2082 duabus
435 2041 588 2082 additis
619 2041 660 2081 in
697 2045 850 2082 sectiles
880 2048 1029 2081 lantum
1059 2042 1308 2083 mutandum
1340 2047 1381 2083 et
1413 2056 1507 2083 cum
1540 2043 1575 2096 ξ.
1609 2042 1702 2085 229.

236 2120 308 2161 ubi
331 2119 509 2161 eaedem
540 2119 722 2173 ,sectiles
752 2119 933 2160 lamnae‘
967 2120 1233 2174 reperiuntur
1264 2119 1565 2161 conferendum
1597 2124 1672 2160 est.

129 2269 210 2313 264
813 2265 875 2312 70
889 2285 948 2305 =
972 2264 1126 2320 1628.

302 2363 350 2409 In
400 2360 563 2426 primis
613 2376 728 2411 vero
778 2362 1004 2410 materies
1041 2361 1280 2411 honorata
1319 2362 1447 2412 buxo
1487 2368 1560 2412 est
1596 2378 1701 2413 raro

306 2449 534 2514 crispanti
580 2464 672 2497 nec
718 2450 809 2498 nisi
855 2450 1041 2511 radice3
1090 2451 1151 2500 de
1203 2455 1366 2500 cetero
1403 2450 1527 2500 lenis
1565 2451 1702 2514 quies

305 2541 378 2584 est
422 2537 621 2586 materia
666 2536 827 2586 silenti
874 2542 920 2586 et
969 2538 1174 2601 quadan]
1215 2538 1388 2587 duritia
1424 2553 1480 2587 ac
1517 2537 1701 2604 pallore

305 2624 723 2685 commendabilis,
761 2625 805 2674 in
835 2625 942 2690 ipsa
967 2641 1082 2675 vero
1103 2626 1275 2675 arbore
1306 2626 1508 2690 topiario
1535 2641 1700 2690 opere.

349 2723 685 2777 Descriptioncm
725 2724 912 2778 ineptam
946 2728 986 2765 et
1017 2724 1105 2765 fere
1135 2725 1353 2765 ridiculam
1377 2749 1429 2754 —-
1461 2723 1559 2778 quid
1591 2725 1701 2766 enim

239 2804 304 2840 est
333 2799 493 2840 arboris
524 2801 643 2855 quies
676 2806 718 2842 et
741 2802 944 2844 materiae
976 2802 1216 2842 silentium?
1254 2829 1287 2833 —-
1329 2815 1351 2842 e
1382 2802 1463 2843 loci
1489 2803 1700 2843 sententia
