1914 3237
237 148 315 189 172
829 144 959 186 Liber
990 145 1104 186 XII.

301 279 399 319 tota
436 268 719 334 paeninsula
751 267 994 316 exsistere
1025 274 1096 315 tot
1123 282 1356 331 generum
1396 280 1511 312 aura
1543 279 1569 310 e
1607 262 1701 326 spi·

300 367 436 407 rante
474 367 762 424 conceptum
800 366 879 406 rel.

362 448 485 489 'tecte
503 448 697 503 Silligius
725 463 804 502 pro
829 447 1005 503 vulgata
1027 448 1250 501 scriptura
1269 451 1479 486 concentu
1503 457 1599 484 cum
1620 442 1702 483 Da·

233 526 449 580 leeampio
482 540 505 567 e
535 526 663 567 codd.
691 526 809 567 dedit
840 531 1101 580 conceptam.
1159 525 1202 564 ln
1235 523 1537 577 superioribus
1579 533 1704 574 prae·

235 607 395 661 positio
427 622 449 646 e
478 606 577 647 loco
611 621 695 646 non
716 613 820 659 apto
842 605 985 659 posita
1005 603 1221 658 displicet.
1264 605 1548 656 Quapropter
1574 612 1703 654 quum

234 698 259 726 a
290 684 324 726 T
359 698 542 739 prorsus
573 684 705 733 absit,
735 683 776 722 in
809 683 833 722 d
867 695 974 721 cancre
1003 679 1232 728 scribatur,
1262 678 1491 720 delendam
1524 691 1703 718 censeo.

128 805 210 847 219
783 793 879 840 125
900 815 945 833 =
965 792 1046 851 25,
1067 792 1148 839 55.

304 887 488 950 Styrax
525 884 750 932 laudatur
786 890 897 946 post
933 896 1080 944 supra
1117 879 1246 927 dicta
1280 895 1342 926 ex
1371 877 1576 937 Pisidia,
1609 876 1703 924 Si-

302 977 481 1035 done,
514 976 708 1039 Cypro,
748 972 946 1031 Cilicia,
979 971 1129 1018 Creta
1161 969 1381 1028 minime3
1419 985 1482 1016 ex
1518 969 1705 1016 Amano

299 1066 477 1132 Syriae
517 1064 745 1125 medicis,
780 1063 869 1111 sed
908 1059 1239 1126 unguentariis
1278 1059 1446 1123 magis.
1519 1058 1705 1105 Colos

300 1158 346 1205 in
384 1173 673 1222 quacunque
715 1155 910 1203 natione
950 1153 1294 1218 praeferuntur
1330 1149 1467 1198 rusus
1515 1155 1563 1196 et
1602 1148 1703 1212 pin-

299 1247 458 1312 guiter
488 1248 725 1294 lentus...

343 1348 511 1388 Initium
544 1346 754 1387 enuntiati
785 1344 980 1386 correxit
1010 1342 1255 1386 Salmasius
1288 1339 1439 1395 9545),
1470 1340 1541 1394 qui
1572 1352 1705 1380 voea-

236 1426 381 1467 bulum
413 1424 575 1468 Sidone
605 1426 721 1480 quod
754 1426 794 1466 in
826 1438 851 1466 a
883 1423 1060 1478 legitur,
1100 1436 1228 1477 (pium
1262 1432 1295 1463 e)
1324 1419 1486 1460 habeat
1517 1418 1644 1471 Side,
1679 1419 1705 1458 d

232 1504 306 1546 secl
335 1510 374 1544 el
398 1520 435 1555 e,
469 1504 504 1544 Τ
532 1503 683 1552 sedet,
713 1501 1007 1556 dittograpliia
1035 1515 1059 1541 e
1086 1500 1250 1539 Pisidia
1279 1507 1419 1540 ortum
1451 1511 1554 1539 esse
1586 1496 1705 1538 intel-

232 1583 353 1626 lexit.
427 1583 631 1623 l'roxima
670 1583 729 1622 ita
767 1582 898 1622 scribi
933 1579 1092 1620 voluit:
1133 1581 1306 1618 minime
1339 1593 1395 1618 ex
1425 1578 1595 1617 Asnano
1628 1577 1703 1617 rel.

233 1663 545 1703 Verumtamen
590 1668 631 1701 et
673 1660 823 1700 durior
860 1673 914 1700 ea
949 1666 1171 1700 structura
1213 1665 1281 1698 est
1319 1664 1360 1697 et
1398 1669 1554 1696 vocem
1597 1654 1706 1695 colos

232 1747 384 1782 servat
428 1738 662 1780 manifesto
705 1744 973 1791 corruptam.
1048 1735 1132 1782 Qui
1176 1734 1288 1776 enim
1337 1733 1431 1784 lieri
1477 1741 1622 1787 potest
1664 1741 1707 1773 ut

234 1819 361 1861 color
389 1817 640 1872 „pinguiter
670 1815 848 1855 lentus“
878 1811 1156 1868 appelletur?
1216 1811 1500 1866 Quapropter
1525 1813 1566 1852 in
1597 1811 1706 1864 pris·-

231 1899 355 1939 ribus
383 1895 777 1950 interpunctionem
797 1894 1017 1947 vulgatam
1042 1893 1212 1933 retineo
1233 1905 1285 1933 eo
1306 1904 1457 1944 sensu,
1487 1897 1532 1931 ut
1551 1897 1707 1944 styrax

236 1975 411 2016 Cretica
443 1973 632 2013 omnium
653 1971 823 2012 minime
847 1970 1015 2011 laudari
1036 1969 1219 2019 dicatur,
1251 1968 1417 2023 reliqua
1449 1969 1506 2009 ita
1536 1968 1705 2010 scribo:

289 2077 341 2082 —
387 2066 443 2091 ex
481 2051 652 2091 Amano
682 2047 838 2103 Syriae
875 2047 1071 2098 medicis,
1124 2046 1198 2086 secl
1238 2048 1538 2102 unguentariis
1574 2047 1706 2103 ntayis

292 2128 532 2171 Gabalis.
599 2127 660 2166 In
689 2139 947 2186 (linteumque
979 2124 1154 2164 mitione
1185 2123 1259 2165 rel.

234 2213 365 2253 Circa
383 2208 555 2251 Gabala
587 2207 698 2249 enim
729 2214 953 2260 styracem
983 2203 1101 2259 gigni
1133 2203 1261 2244 modo
1290 2201 1496 2244 retulerat
1530 2201 1705 2243 Plinius.

789 2371 984 2426 LIBER
1017 2370 1152 2426 xm.

130 2525 212 2564 220
841 2495 904 2542 23
924 2516 973 2538 =
993 2494 1038 2554 3,
1056 2494 1104 2540 4.

302 2620 360 2628 --
405 2588 592 2652 aquilae
631 2594 764 2633 certe
801 2602 857 2633 ac
890 2585 1026 2649 signa
1063 2582 1395 2648 pulverulenta
1433 2581 1508 2627 illa
1541 2587 1588 2625 ct
1625 2595 1703 2624 ru<

306 2679 524 2744 spidibus
562 2675 759 2724 horrida
792 2681 1070 2739 unguuntur
1101 2671 1238 2720 sestis
1269 2670 1467 2728 dlebus3
1507 2668 1699 2715 utinam-

308 2785 403 2833 que
441 2767 607 2816 dieere
651 2771 926 2829 possent,
970 2762 1078 2827 quis
1118 2761 1302 2826 primus
1334 2758 1638 2807 instituisset.
