1914 3237
303 159 356 200 28
917 157 1048 199 Liber
1076 158 1150 200 II.

303 281 458 322 liandis
480 288 655 321 narrat:
685 279 876 333 ‚,Thcra,
907 294 1004 322 cum
1033 283 1217 336 primum
1245 280 1620 324 emersitCalliste
1638 283 1768 324 dicta.

301 358 363 400 Ex
393 372 445 399 ea
475 357 631 400 avolsa
653 366 810 413 postea
828 358 1044 401 Therasia
1066 367 1197 414 atque
1227 361 1339 402 inter
1371 362 1480 402 duas
1511 368 1638 402 enata
1671 375 1771 403 mox

301 437 553 487 Automate,
581 438 736 478 eadem
756 437 904 488 Hiera,
939 444 982 479 et
1012 438 1054 478 in
1081 445 1233 480 nostro
1251 452 1363 481 aevo
1383 439 1494 481 Thia
1523 440 1644 480 iuxta
1677 454 1772 481 eas-

302 516 399 556 dem
429 518 601 558 enata“.
663 515 843 558 Scilicet
874 515 1073 557 bifariam
1112 518 1318 571 peccavit
1347 517 1417 559 ille
1448 518 1675 568 librarius,
1715 519 1772 560 ad

302 595 426 636 cuius
466 595 694 650 exemplar
733 595 871 635 nostri
907 597 1086 637 codices
1125 596 1339 637 efformati
1379 603 1505 647 sunt,
1545 603 1588 637 et
1633 609 1772 650 prava

301 686 505 716 versuum
543 675 830 729 dispositione
869 681 912 715 et
951 675 1121 716 iteratis
1154 674 1343 716 vocibus
1379 681 1473 730 post
1500 688 1648 717 annos.
1707 675 1772 716 Ita

299 752 410 793 enim
443 753 568 794 Plinii
599 754 735 795 verba
764 763 809 793 ut
835 753 1124 794 emendentur
1154 767 1268 807 opus
1305 762 1397 795 est:

355 832 469 871 inter
501 830 716 886 Cycladas
762 830 905 871 Thera
934 837 975 870 et
1010 830 1244 881 Therasia,
1289 832 1403 872 iuter
1436 832 1607 872 easdem
1642 832 1770 887 olym·

351 910 493 965 piaclis
519 909 722 951 CXLV.
764 923 881 948 αηηο
912 914 1066 968 quarto
1095 909 1239 949 IIiera
1277 909 1511 970 eademque
1539 910 1771 950 Automate

353 995 394 1029 et
423 987 475 1028 ab
495 1003 547 1028 ea
568 987 732 1028 duobus
761 986 914 1027 stadiis
938 992 1032 1041 post
1048 1001 1186 1027 annos
1214 985 1599 1029 CCXXXXII
1625 994 1769 1029 nostro

353 1082 456 1107 aevo
486 1066 619 1105 Ῑιιηίο
649 1063 802 1106 Silano
833 1078 914 1104 cos.
947 1078 984 1105 α.
1017 1063 1056 1106 cl.
1091 1064 1235 1107 VIII.
1264 1065 1362 1106 idus
1388 1065 1531 1106 Iulias
1563 1066 1687 1107 Thia.

408 1145 579 1194 Quodsi
604 1158 641 1185 a.
663 1144 722 1188 ol.
744 1142 919 1185 CXLV.
936 1142 976 1186 4.
998 1144 1240 1197 respondet
1271 1157 1385 1185 anno
1409 1158 1448 1185 a.
1472 1159 1511 1186 u.
1534 1145 1768 1196 c.DLV11,

296 1225 456 1267 additis
495 1224 621 1265 annis
652 1222 943 1264 CCXXXXII
974 1235 1134 1263 annum
1164 1223 1460 1264 nanciscimur
1488 1222 1768 1265 DCCXCIX.

296 1306 338 1346 id
357 1311 425 1346 est
441 1303 610 1345 Valerii
628 1301 813 1343 Asiatici
843 1308 886 1342 et
905 1300 1010 1340 Iunii
1028 1299 1165 1341 Silani
1194 1301 1483 1352 consulatum,
1507 1316 1592 1356 quo
1614 1301 1769 1342 Thiam

295 1382 480 1425 insulam
504 1390 677 1423 enatam
699 1393 802 1422 esse
825 1385 1012 1422 constat.
1045 1379 1091 1419 ln
1112 1380 1263 1421 codice
1282 1388 1427 1422 autem
1446 1380 1567 1422 Plinii
1589 1380 1766 1434 antiquo

296 1463 368 1517 qui
398 1460 790 1516 protarchetypum
819 1458 1018 1500 exaravit
1038 1458 1258 1509 librarius,
1288 1459 1519 1501 deficiente
1554 1459 1596 1499 in
1619 1457 1766 1512 priore

295 1555 429 1583 versu
454 1540 708 1581 membrana
729 1537 842 1578 haec
866 1538 926 1577 ita
945 1537 1111 1591 scripta
1139 1538 1397 1592 repperisse
1429 1539 1647 1591 putandus
1678 1545 1765 1578 est:

516 1632 568 1658 BT
599 1632 650 1658 AB
681 1631 736 1656 EA
766 1630 912 1656 DVOBVS
946 1630 1097 1657 s'ranlls
1129 1631 1228 1657 POST
1259 1630 1387 1657 ANNOS
1419 1631 1518 1656 CXXX

1420 1697 1498 1723 cxu

514 1754 667 1780 NosTno
698 1752 816 1780 AEVO.

403 1821 527 1862 Duos
564 1819 695 1874 igitur
737 1818 939 1858 diversos
980 1829 1185 1857 numeros
1228 1815 1313 1869 legi
1346 1822 1467 1856 ratus
1503 1816 1706 1856 librarius
1741 1829 1765 1856 e

291 1901 523 1955 superiore
559 1910 690 1938 versu
725 1895 861 1936 verba
902 1901 995 1950 post
1030 1909 1168 1935 αηηοε
1212 1894 1408 1944 iteravit,
1452 1894 1567 1934 unde
1602 1893 1763 1934 factum

292 1987 361 2021 est
403 1986 449 2020 ut
489 1978 696 2019 miserum
736 1975 777 2015 in
814 1974 987 2014 modum
1028 1974 1173 2014 omnia
1217 1973 1618 2026 pessumdarentur.
1678 1972 1764 2013 Ubi

292 2058 403 2100 enim
436 2058 494 2098 ita
525 2070 549 2098 e
583 2055 755 2096 duobus
786 2051 1007 2094 miraculis
1039 2053 1121 2093 tria
1150 2051 1269 2093 sacta
1295 2059 1410 2106 sunt,
1441 2051 1594 2106 primo,
1626 2057 1672 2091 ut
1701 2050 1762 2091 vi-

291 2138 440 2186 detur,
477 2148 659 2176 numero
694 2132 867 2175 CXLV.
899 2132 941 2172 in
975 2130 1142 2173 CXLII.
1179 2139 1412 2185 corrupto,
1450 2131 1645 2171 rationes
1676 2142 1762 2170 non

291 2223 499 2259 constare
523 2211 880 2254 intellexithomo
910 2224 998 2251 non
1020 2210 1222 2252 indoctus
1254 2223 1420 2265 easque
1450 2221 1589 2264 prava
1603 2206 1763 2248 seduli-

290 2302 378 2337 tate
416 2293 642 2347 corrigere
685 2297 872 2332 conatus
913 2296 992 2333 est.
1084 2288 1256 2330 Annum
1295 2286 1555 2342 olympiadis
1593 2285 1761 2327 CXLII.

290 2381 492 2430 quartum
529 2370 805 2425 respondere
841 2368 1147 2408 animadvertit
1183 2380 1296 2407 anno
1334 2379 1374 2409 a.
1400 2381 1439 2407 u,
1471 2379 1504 2407 c.
1527 2365 1659 2407 Dvll.
1691 2364 1761 2406 vel

290 2453 405 2494 Dvl.
484 2450 596 2492 Huic
635 2447 802 2489 CXXX
846 2446 973 2487 annis
1015 2445 1232 2486 adiunctis
1273 2458 1432 2486 annum
1468 2451 1626 2486 nactus
1667 2451 1762 2485 erat

290 2529 585 2583 DCXXXVI,
617 2527 686 2569 cui
716 2540 845 2582 quum
876 2536 1017 2565 annos
1049 2524 1233 2565 adderet
1265 2523 1396 2573 CXII,
1431 2523 1578 2564 incidit
1606 2523 1648 2563 in
1680 2535 1760 2562 an-

289 2624 389 2652 num
411 2605 822 2655 DCCxxxxvnl,
845 2618 930 2659 quo
962 2602 1152 2645 Laelium
1171 2602 1352 2643 Balbum
1375 2600 1600 2643 consulem
1619 2599 1758 2641 fuisse

290 2688 472 2731 sciebat.
543 2685 722 2726 Addidit
757 2684 887 2738 igitur
921 2683 963 2723 in
1001 2681 1198 2736 margine
1240 2681 1390 2722 Laelio
1419 2677 1575 2729 Balbe,
1621 2676 1759 2719 Silani

289 2780 447 2810 nomen
479 2777 633 2806 errore
665 2770 806 2804 ortum
838 2768 940 2803 csse
966 2762 1214 2802 arbitratus.
1274 2758 1386 2799 Hinc
1412 2757 1589 2798 tandem
1613 2755 1758 2797 evenit

288 2852 336 2888 ut
361 2845 403 2887 in
433 2843 598 2886 nostris
630 2841 860 2885 codicibus
889 2847 932 2882 ct
959 2839 1126 2883 Balbus
1156 2836 1307 2881 Silano
1339 2835 1516 2892 collega
1544 2834 1757 2877 tribuere-
