1914 3237
669 172 801 215 liber
832 173 885 215 V.
920 172 1003 217 VI.
1519 169 1576 212 85

103 296 241 339 Asiae
270 302 598 350 commemoret,
624 296 696 351 qui
724 309 867 350 usque
896 295 953 336 ad
974 295 1099 336 Ponti
1114 293 1272 336 Euxini
1299 293 1456 337 fauces
1488 307 1575 335 me-

104 383 276 417 moratu
305 375 422 431 digni
452 388 553 416 esse
582 374 827 415 videantur.
889 372 1034 413 Probe
1064 380 1208 414 autem
1237 373 1472 415 tenendum
1506 379 1577 415 est

101 453 205 496 litus
236 454 480 496 Asiaticum
523 452 579 493 ab
617 465 671 493 eo
703 451 813 505 legi,
857 450 1063 504 Europae
1095 463 1217 491 oram
1247 459 1380 493 antea
1409 452 1485 493 IV.
1506 451 1575 494 46.

103 539 148 573 et
177 531 241 572 75.
279 537 530 572 enarratam
568 543 687 574 esse.
767 529 910 570 Recte
949 528 1095 570 omnia
1134 529 1405 582 procedunt:
1442 531 1577 571 nomi·

101 617 261 651 uantur
292 608 567 663 Chalcedon,
599 607 908 664 Chrysopolis,
934 606 1180 661 Nicopolis,
1210 615 1367 662 portus
1397 608 1575 664 Amyci,

102 687 376 730 Naulochum
413 696 457 730 et
492 687 687 729 ultimum
717 686 927 742 templum
958 686 1171 740 Neptuni,
1210 700 1338 742 quem
1379 686 1576 742 plerique

100 767 250 808 Iovem
289 766 441 808 Urium
487 766 661 818 dixere,
708 764 984 807 Timostheni
1021 772 1165 806 autem
1221 766 1352 819 (nam
1390 766 1428 807 ei
1467 778 1576 820 prae

102 845 263 887 ceteris
295 845 539 886 obsecutus
570 851 640 886 est
669 844 864 899 Plinius)
902 843 1153 898 Neptunum
1185 843 1413 899 appellare
1445 843 1577 899 licuit,

105 923 310 979 quoniam
331 930 518 978 utraque
541 923 611 964 dei
639 923 832 977 species,
864 930 907 963 et
929 935 983 963 ea
1006 935 1134 977 quam
1158 930 1304 964 mente
1333 935 1386 963 ac
1407 922 1577 963 ratione

103 1009 403 1057 conceperant
418 1009 596 1044 veteres
615 1008 658 1043 et
675 1015 805 1056 quam
825 1001 930 1042 artis
949 1002 1239 1042 monumentis
1257 1002 1578 1056 exprimebant,

101 1081 293 1136 Neptuni
331 1079 547 1121 simillima
585 1079 725 1121 fuisse
754 1080 952 1134 putanda
991 1087 1073 1121 est.
1147 1080 1231 1127 Qui
1261 1093 1369 1121 vero
1406 1081 1578 1123 medius

99 1160 213 1201 inter
232 1157 510 1199 Naulochum
541 1165 584 1199 et
607 1157 814 1211 templum
831 1158 1022 1211 Neptuni
1056 1167 1426 1200 commemoratur
1451 1157 1578 1201 locus

100 1252 156 1279 an
187 1237 275 1279 huc
306 1237 480 1278 omnino
512 1236 752 1291 pertineat,
791 1236 1004 1276 incertum
1042 1244 1125 1279 est.
1187 1235 1327 1278 Deam
1357 1252 1444 1278 non
1474 1238 1580 1279 indi-

101 1318 197 1359 cari
228 1331 284 1359 ex
311 1317 411 1372 ipsa
437 1323 664 1357 structura
694 1315 929 1355 verborum
963 1322 1172 1369 apparet3
1202 1315 1348 1356 locum
1379 1316 1416 1357 si
1447 1329 1579 1371 quae-

100 1397 252 1448 rimus,
281 1396 633 1451 interpunctione
661 1395 810 1449 utique
841 1407 868 1435 a
901 1392 1063 1447 templo
1098 1394 1475 1450 distinguendum,
1514 1396 1581 1436 in-

101 1474 329 1516 veniemus
351 1475 524 1530 quidem
549 1474 668 1528 apud
690 1472 918 1527 Polybium
941 1472 1014 1514 IV.
1032 1471 1100 1516 33.
1129 1471 1180 1515 τὰ
1204 1471 1292 1528 περὶ
1322 1471 1582 1522 τὰςἝστίας

102 1548 219 1608 ἄκρα
257 1552 507 1608 καλούμενα
544 1553 614 1605 τῆς
648 1552 867 1608 Εὐρώπης,
919 1551 1000 1592 Sed
1043 1559 1085 1592 et
1118 1552 1159 1591 in
1197 1551 1341 1592 aliena
1380 1552 1580 1605 regione,

101 1630 337 1673 Thraciam
368 1633 491 1682 dico,
522 1639 584 1683 et,
616 1631 733 1687 quod
764 1631 902 1670 maius
935 1636 1018 1680 est,
1051 1630 1221 1670 etiamsi
1253 1631 1478 1672 concedas
1510 1630 1580 1672 fe-

102 1709 337 1751 stinantiae
385 1712 618 1766 scriptoris
664 1722 862 1751 errorem
909 1708 1219 1762 gravissimum
1265 1716 1310 1750 ut
1354 1710 1579 1764 Europam

105 1803 203 1831 cum
219 1789 329 1831 Asia
356 1797 637 1845 permutasse
667 1789 887 1837 videatur,
920 1800 977 1828 ne
1003 1787 1045 1827 in
1079 1787 1177 1841 ipsa
1206 1788 1379 1843 quidem
1398 1789 1580 1842 Europa

102 1869 205 1911 loco
235 1868 453 1910 Naulochi
491 1868 677 1909 viciniae
712 1874 833 1920 apto.
906 1863 1116 1920 Polybius
1147 1866 1259 1906 enim
1299 1867 1369 1922 qui
1403 1867 1579 1908 inverso

104 1948 258 1990 ordine
279 1948 464 1989 aPonto
497 1946 691 2001 Bospori
721 1958 898 1986 cursum
929 1944 1182 1986 describere
1207 1946 1369 1999 coepit,
1399 1944 1580 1987 Hestias

104 2027 220 2069 infra
252 2026 517 2069 Hermaeum
566 2032 610 2067 et
651 2039 707 2066 ex
751 2025 944 2066 adverso
988 2023 1083 2065 scre
1129 2025 1251 2066 urbis
1290 2023 1580 2079 Chrysopolis

105 2106 351 2150 collocavit.
416 2105 518 2147 Non
552 2105 649 2146 dico
684 2103 778 2144 fieri
810 2116 896 2144 non
926 2102 1128 2156 potuisse
1164 2111 1211 2144 ut
1245 2103 1411 2144 Plinius
1452 2102 1580 2144 talem

104 2200 302 2229 errorem
331 2185 642 2227 committeret:
673 2183 753 2223 sed
780 2196 909 2237 quum
936 2180 1058 2222 facili
1091 2182 1349 2223 coniectura
1370 2183 1581 2224 molestas

104 2265 200 2308 illas
233 2265 410 2307 Hestias
444 2264 626 2318 abigere
654 2262 806 2315 liceat,
840 2274 1112 2315 magnopere
1142 2275 1210 2301 nic
1242 2261 1296 2301 ad
1331 2275 1426 2303 eam
1459 2260 1582 2302 incli-

106 2357 214 2386 nare
245 2343 403 2397 fateor.
463 2341 623 2390 Quidni
651 2341 764 2382 enim
795 2341 1042 2382 scribetur:

163 2422 265 2463 dein
286 2420 570 2465 ,Naulochum
588 2420 927 2478 promontorium
958 2425 1035 2460 cst
1061 2434 1119 2460 ac
1150 2418 1350 2476 templum
1371 2418 1582 2473 IVeplzmi.

689 2531 886 2587 LIBER
914 2531 997 2587 vl.

729 2633 759 2680 2
780 2658 825 2676 =
851 2634 897 2694 1,
915 2634 961 2681 1.

176 2735 236 2782 ad
289 2734 546 2799 Bosporos
599 2733 722 2782 duos
776 2734 853 2782 vel
914 2735 1071 2781 bubus
1125 2733 1316 2781 meabili
1362 2733 1582 2793 transitu,

181 2823 375 2890 [unde
412 2841 622 2874 nomen
660 2822 978 2891 ambobus]
1025 2829 1104 2871 rel.

1611 2647 1690 2687 114
