1914 3237
708 195 823 234 liber
852 192 1017 234 XVIII.
1536 183 1589 234 63

123 323 266 364 bitror.
324 321 379 364 Et
407 322 587 377 primum
625 320 795 376 quidem
839 321 1031 363 codicum
1061 321 1284 363 lectionem
1321 324 1591 372 iuterpurqari

123 400 283 442 servari
318 400 465 452 miror,
515 399 672 453 optime
710 411 734 438 a
777 398 973 444 Pintiano
1014 403 1259 439 correctam.
1318 397 1440 446 Quod
1479 398 1589 439 enim

125 480 228 519 Cato
259 491 320 532 cp.
353 476 407 519 50
437 477 564 529 ,ficos‘
596 476 655 516 ait
686 476 986 530 ‚interputato‘,
1016 475 1151 516 Plinio
1179 477 1422 517 necessaria
1451 488 1590 516 emen-

124 555 293 596 datione
322 557 557 604 interputare'
585 552 788 594 redditur.
848 553 955 594 Tum
986 567 1070 594 non
1115 567 1139 594 a
1168 554 1271 595 flatu
1310 553 1479 594 favonio
1519 553 1591 593 de-

121 631 370 683 fenduntur,
415 630 491 672 sed
551 630 635 683 ,ubi
681 631 875 672 favonius
922 632 1023 672 flare
1069 631 1230 686 coepit,
1277 632 1592 672 stercorantur.‘

122 709 344 750 Postremo
387 712 550 749 mutata
602 713 813 749 structura
858 713 1026 760 incipias
1064 714 1105 750 et
1142 717 1280 761 arato,
1326 708 1385 749 ita
1428 713 1474 748 ut
1505 708 1591 748 Sill.

124 787 249 828 Plinii
292 786 423 828 verba
451 786 641 838 refinxit,
689 800 771 841 quo
801 787 1039 828 referantur
1080 801 1164 828 non
1196 785 1377 838 habent,
1421 792 1594 839 recepta

122 864 279 906 codicis
311 878 336 905 a
365 865 545 906 lectione
577 869 753 916 idemque
783 878 840 905 sc.
861 863 981 916 ‚Cato
1002 865 1073 906 ait‘
1105 865 1262 920 optime
1292 863 1593 918 intelliguntur.

124 941 238 983 Nihil
269 942 380 983 enim
430 943 599 998 saepius
638 943 727 984 fere
756 942 822 994 fit,
868 956 994 997 quam
1031 947 1077 983 ut
1119 943 1370 997 insequente
1411 943 1594 982 auctoris

126 1021 302 1061 alicuius
336 1021 548 1061 sententia
578 1020 707 1061 verba
740 1020 908 1062 dicendi
948 1021 1217 1074 omittantur,
1249 1019 1301 1062 cf.
1334 1018 1596 1074 Grasberger

125 1112 163 1152 p.
197 1099 262 1141 17.
293 1097 542 1152 Legendum
575 1102 639 1139 est
663 1098 811 1153 igitur:

184 1180 279 1219 Cato
311 1190 344 1217 v.
376 1189 411 1216 0.
441 1190 473 1216 s.
506 1180 548 1217 d:
578 1192 610 1217 s.
642 1179 672 1226 f.
702 1181 947 1227 seminariis,
978 1191 1010 1217 v.
1037 1191 1092 1228 p„
1126 1180 1146 1217 i.
1179 1180 1200 1217 l.
1233 1190 1268 1217 c.
1298 1170 1330 1218 e.
1362 1190 1399 1217 u.
1430 1191 1464 1216 u.
1493 1179 1525 1225 l]
1550 1190 1594 1227 p.

181 1269 219 1297 o.
249 1269 302 1308 s.,
345 1263 467 1306 prata
495 1259 716 1296 stercorari
744 1259 836 1296 luna
866 1258 1019 1296 sitiente
1048 1269 1148 1305 quae
1172 1259 1291 1305 riyua
1321 1267 1399 1295 non
1429 1263 1542 1295 erunt
1571 1269 1595 1295 α

178 1338 280 1384 flatu
305 1336 471 1384 favonii,
502 1336 677 1385 defendi,
700 1347 759 1386 μ,
789 1336 826 1373 h.
856 1347 905 1374 m.
936 1348 968 1373 r.
1001 1347 1047 1381 e.‚
1076 1335 1104 1381 fi
1135 1337 1392 1384 inserpulari,
1441 1348 1473 1374 s,
1500 1335 1531 1382 fi
1563 1346 1594 1375 e.

182 1428 215 1455 v.
245 1427 289 1461 s;
319 1415 358 1454 h.
390 1427 428 1453 a.
459 1427 492 1453 v.
520 1416 552 1462 fi
584 1417 772 1464 incz'pz'as3
805 1415 997 1464 idemque.

672 1538 768 1584 247
805 1553 856 1575 =
891 1538 1051 1593 26‚66.
1623 1567 1704 1611 368

191 1623 319 1673 XIV.
373 1623 566 1672 kalend.
622 1621 771 1672 Maias
819 1623 1056 1688 Aegypto
1109 1623 1310 1673 suculae
1364 1623 1595 1673 occidunt

191 1712 401 1777 vesperi,
460 1712 597 1761 sidus
635 1711 904 1761 vehemens
942 1716 989 1760 et
1026 1716 1153 1760 terra
1188 1712 1406 1776 marique
1445 1712 1595 1761 turbi-

192 1800 320 1858 dum,
359 1799 483 1849 XVI.
520 1800 732 1858 Atticae,
771 1799 868 1848 XV.
897 1799 1106 1858 Caesari,
1146 1800 1376 1850 continuo
1415 1803 1595 1865 quatri-

191 1888 287 1938 duo
324 1887 616 1952 significant‚
653 1888 891 1952 Assyriae
930 1893 1089 1937 autem
1110 1886 1214 1937 XII.
1252 1887 1447 1938 kalend.
1486 1888 1591 1938 Mai.

235 1976 396 2018 Ultima
440 1975 570 2017 verba
613 1989 749 2029 aeque
788 1975 842 2017 ad
880 1976 1171 2031 praedicatum
1209 1980 1400 2019 occidunt
1448 1977 1594 2018 referri

125 2054 331 2110 particula
356 2061 481 2095 autem
508 2054 783 2096 demonstrat.
815 2056 964 2108 Itaque
990 2068 1098 2110 quae
1117 2055 1352 2110 legitimum
1370 2055 1593 2096 verborum

125 2132 315 2174 ordinem
346 2132 612 2187 interrumpit
650 2132 763 2174 linea
793 2132 962 2174 XXVII
993 2133 1229 2175 litterarum
1269 2147 1344 2175 suo
1376 2134 1467 2175 loco
1498 2134 1592 2175 red—

124 2211 270 2263 detur,
301 2224 396 2252 cum
427 2211 610 2266 legetur:

177 2304 207 2329 s.
238 2303 272 2329 v.
304 2297 340 2330 et
369 2297 477 2330 terra
508 2293 687 2340 marique
717 2292 913 2330 turbidum
942 2294 1127 2331 continuo
1153 2294 1367 2341 qzcalriduo
1397 2294 1595 2341 siynificat

66 2362 73 2373 ²
126 2367 328 2421 singulari
360 2381 535 2408 numero
583 2381 606 2408 e
637 2366 759 2409 codd.
790 2372 982 2422 recepto,
1024 2373 1153 2422 atque
1183 2381 1228 2408 re
1274 2382 1374 2410 vera
1402 2368 1476 2410 XI.
1509 2370 1592 2410 kal.

124 2444 221 2485 Mai.
253 2446 457 2487 serenitas
488 2445 606 2487 reddi
650 2445 800 2486 dicitur
830 2445 1024 2500 proxima
1054 2447 1282 2493 sententia,
1322 2447 1434 2488 haud
1467 2447 1592 2489 dubie

124 2536 149 2564 a
178 2524 281 2565 Iano
312 2537 335 2564 e
366 2523 486 2565 codd.
514 2528 628 2565 recte
659 2524 900 2565 constituta.

666 2638 759 2684 ‘249
797 2650 842 2669 ³2
883 2638 1041 2694 26,66.

188 2723 408 2773 dedecus
446 2751 500 2759 -—
536 2722 742 2772 habetur
787 2723 1200 2788 opprobriumque
1246 2723 1468 2774 meritum
1504 2725 1591 2774 fal-
1621 2688 1702 2733 369

188 2825 294 2862 cem
330 2812 390 2862 ab
425 2808 507 2861 illa
531 2810 735 2862 volucre
779 2810 1034 2873 (cuculum
1073 2812 1214 2874 dicit)
1263 2813 1311 2861 in
1366 2814 1463 2863 vite
1503 2815 1589 2864 de-
