1914 3237
703 135 834 178 Liber
861 136 947 178 IV.
1507 136 1559 178 61

93 267 134 307 in
165 264 413 319 archetypo
442 262 554 304 libro
586 262 798 315 scriptum
828 260 969 301 fuisse
999 260 1236 313 putandum
1267 267 1347 301 est.
1413 258 1563 302 Helle-

92 344 339 400 noscythas
369 348 514 383 autem
543 341 708 393 primos
738 352 765 379 a
794 337 1208 393 Borysthenitarum
1247 340 1444 393 emporio
1481 352 1564 381 seu

95 424 225 464 Olbia
253 421 390 463 fuisse
421 419 538 474 apud
572 418 846 460 Herodotum
878 416 951 458 lV.
974 416 1036 460 17.
1072 415 1260 470 legimus
1294 416 1363 458 his
1392 418 1565 460 verbis:

91 501 190 545 Ἀπὸ
219 500 293 542 τοῦ
320 497 675 553 Βορυσξεευεΐτέων
713 494 912 551 ἐμπορίου
936 529 945 539 .
967 529 976 538 .
1020 495 1169 550 πρῶτοι
1199 496 1475 538 Καλλιππίδαι
1504 497 1567 540 νέ-

93 598 245 635 μονται
269 578 403 626 ἐόντες
415 574 612 628 Ἕλληνες
639 575 815 625 Σκύθαι.
870 573 978 615 Cuin
999 574 1287 614 Mestizarum
1317 576 1568 617 conditione

96 656 324 710 eleganter
362 655 636 710 comparavit
673 668 754 695 eos
784 652 1051 694 Niebuhrius
1082 653 1250 707 Opusc.
1279 651 1361 695 vol.
1379 653 1406 693 I.
1425 652 1568 706 p.359.

97 737 246 785 Quare
276 735 343 777 sic
376 734 650 775 confidenter
681 746 707 773 a
736 732 877 773 Plinio
907 731 1118 785 scriptum
1151 744 1253 772 esse
1287 733 1513 774 existimo:

374 810 832 865 Hellenoscythae
859 815 1073 850 vocantur
1100 809 1282 850 incolae.

208 892 320 932 Nam
361 891 478 946 quod
525 890 757 944 ingeniose
794 889 1046 930 Harduinus
1099 889 1355 931 coniecerat
1407 890 1576 946 Hylaei

99 971 226 1011 nimis
263 984 288 1011 a
318 969 526 1011 librorum
565 982 696 1009 manu
725 970 993 1023 scriptorum
1029 968 1229 1022 vestigiis
1259 975 1302 1009 et
1331 970 1386 1010 ab
1419 976 1573 1011 aucto-

100 1048 162 1089 ris
193 1049 363 1089 ratione
393 1046 582 1088 alienum
613 1055 694 1089 est.
754 1048 926 1096 Quodsi
957 1048 1070 1089 enim
1099 1046 1276 1089 incolae
1306 1049 1462 1090 eodem
1493 1063 1573 1091 no-

100 1127 215 1167 mine
241 1124 450 1180 appellati
480 1134 632 1167 essent
662 1139 715 1167 ac
733 1127 872 1181 regio,
902 1140 995 1167 rem
1029 1139 1142 1180 quae
1169 1135 1330 1180 sponte
1355 1141 1380 1167 a
1406 1127 1574 1171 lectore

99 1205 435 1260 intelligeretur,
472 1206 663 1260 scriptor
695 1205 925 1246 brevitatis
961 1204 1288 1247 amantissimus
1329 1219 1415 1247 non
1457 1221 1574 1247 eom-

101 1292 406 1328 memorasset.

666 1375 729 1424 85
755 1399 800 1418 =
820 1373 1016 1423 ibidem.
1600 1380 1654 1423 82

171 1477 271 1526 Sed
319 1493 346 1524 a
389 1476 634 1524 Carcinite
674 1476 891 1525 Taurica
931 1474 1126 1540 incipit,
1175 1476 1416 1540 quondam
1455 1477 1575 1524 mari

171 1567 465 1615 circumfusa
509 1575 558 1615 et
603 1567 710 1631 ipsa
749 1584 981 1631 quaque
1023 1583 1150 1615 nunc
1190 1568 1347 1632 campi
1392 1568 1577 1628 iacent;

171 1657 284 1705 dein
319 1657 466 1705 vastis
504 1658 737 1705 attollitur
772 1657 916 1722 iugis.

216 1756 356 1799 Codd.
375 1758 476 1800 OTd
493 1773 677 1819 quaque,
699 1756 770 1812 Rp
794 1766 837 1799 et
857 1757 1038 1812 vulgata
1056 1771 1146 1798 scr.
1173 1773 1362 1820 quaqua.
1404 1760 1577 1802 Conce-

105 1836 292 1877 dendum
317 1836 490 1890 quidem
519 1845 586 1878 est
604 1836 773 1891 Silligio
798 1850 933 1891 posse
954 1837 1072 1891 apud
1092 1837 1270 1879 Plinium
1291 1844 1449 1900 et·que
1464 1840 1578 1882 idem

104 1915 357 1969 significare
387 1928 441 1956 ac
462 1914 591 1969 vulgo
615 1921 757 1965 et-et,
788 1929 915 1970 quein
933 1929 1057 1956 usum
1081 1917 1136 1956 ad
1152 1917 1579 1974 XXX111.33.plu1-i-

104 1993 186 2034 bus
208 1993 422 2048 exemplis
455 1995 586 2036 docte
620 1994 941 2048 comprobavit.
987 1995 1155 2037 Verum
1186 1996 1305 2037 hunc
1335 1996 1478 2039 locum
1513 1998 1580 2040 sic

105 2073 415 2126 explicandum
448 2087 551 2115 esse
581 2088 713 2130 nego.
744 2075 857 2115 Nam
879 2075 1306 2130 quomodoTaurica
1337 2085 1380 2116 et
1409 2077 1507 2130 ipsa
1538 2085 1581 2119 et

105 2164 159 2192 ea
201 2159 329 2207 parte
368 2165 454 2207 qua
497 2167 613 2194 nunc
660 2154 803 2207 campi
839 2154 986 2194 iacent
1032 2155 1142 2195 mari
1188 2154 1581 2198 circumfunditur?

107 2222 336 2279 Quaenam
370 2245 424 2273 ea
453 2239 521 2274 est
549 2232 805 2288 oppositio?
860 2233 1018 2288 Neque
1044 2233 1156 2274 enim
1187 2240 1235 2285 et,
1260 2235 1350 2290 ipsa
1376 2235 1488 2276 idem
1515 2244 1583 2277 est

108 2311 225 2365 quod
253 2318 328 2364 „et
343 2312 479 2365 tota“,
511 2319 554 2353 et
584 2311 621 2353 si
652 2312 766 2353 idem
785 2319 920 2363 essct,
950 2326 1095 2354 nonne
1127 2313 1274 2368 inepte
1307 2314 1383 2356 toti
1412 2314 1582 2357 insulae

109 2402 195 2429 una
225 2402 332 2443 pars
361 2390 602 2432 adderetur
643 2405 757 2446 quae
797 2399 942 2433 tamen
972 2399 1065 2433 tota
1095 2399 1138 2433 et
1166 2395 1266 2447 ipsa
1291 2394 1583 2449 comprehen-

112 2467 324 2509 deretur?
364 2468 492 2511 Aliud
523 2471 669 2511 vitium
703 2479 771 2512 est
791 2471 997 2526 vulgatae
1015 2472 1278 2526 scripturae.
1316 2473 1438 2514 Illam
1469 2475 1584 2516 enim

111 2547 148 2588 si
171 2548 374 2602 sequaris
400 2548 487 2590 hoc
510 2550 613 2592 dicit
632 2551 815 2593 Plinius:
843 2564 1150 2607 „quacumque
1167 2567 1283 2594 nunc
1309 2555 1449 2608 campi
1480 2568 1584 2596 con-

112 2627 377 2680 spiciuntur,
411 2627 509 2669 olim
549 2630 655 2670 mari
691 2629 1125 2672 circumfundebatur
1154 2632 1390 2674 Tauricas-⁶.
1453 2635 1585 2690 Atqui

114 2707 386 2749 occidentem
417 2721 577 2749 versus
608 2707 843 2750 etiamnum
870 2711 979 2751 mari
998 2709 1200 2765 adluitur,
1232 2713 1315 2753 etsi
1334 2713 1390 2754 ibi
1408 2727 1584 2769 quoque

115 2798 315 2840 magnam
357 2788 401 2828 in
443 2787 665 2842 planitiem
710 2789 986 2831 extendatur.
1065 2790 1134 2831 Ex
1176 2791 1395 2834 vocabulo
1438 2799 1583 2834 autem
