1914 3237
306 180 359 223 68
897 182 1016 221 Liber
1053 181 1173 223 XIX.

304 310 511 365 positione
540 309 743 352 utendum
775 323 868 351 esse
907 311 1086 352 arbitror
1115 310 1305 366 duosque
1347 324 1491 353 versus
1522 325 1544 352 e
1574 312 1764 367 margine

303 392 578 441 praepostero
609 388 701 429 loco
729 388 771 429 in
802 388 915 429 aliud
948 402 996 429 ac
1026 402 1102 444 par
1133 394 1223 430 erat
1252 389 1396 430 folium
1427 390 1763 444 transmigrasse.

301 465 367 505 Ita
398 465 433 518 ἓ.
465 465 545 508 336
569 465 621 507 de
651 465 780 507 africo
814 465 996 506 dicetur:

358 544 435 594 Qui
453 546 626 592 seminas
657 557 687 584 c.
720 557 754 583 v.
786 547 808 583 i.
839 547 878 586 Ιι.
910 558 942 585 υ.
973 558 1004 584 s.
1035 549 1058 585 i.
1091 548 1242 594 coqito„
1287 548 1325 584 in
1356 546 1459 585 hunc
1489 559 1515 584 α
1544 549 1649 586 coitu
1680 558 1764 586 cum

355 633 398 661 se
412 633 537 671 pecus
568 625 854 674 circumeqerit,
884 625 1056 670 feminas
1085 629 1297 672 conceptas
1323 635 1406 662 esse
1433 627 1544 664 scito.

863 713 955 759 334
975 733 1034 752 -—-
1048 714 1205 768 3457.

367 786 671 848 Praedoctus
706 801 838 847 esto:
900 796 994 846 alia
1029 797 1243 848 robustis
1289 802 1514 862 prosunt,
1567 798 1660 848 alia
1695 800 1767 848 in-

371 885 596 935 fantibuS.

412 976 647 1014 Praediclos
697 985 734 1026 a,
794 975 1030 1013 Praediclus
1073 971 1107 1012 T
1139 971 1176 1012 d.
1217 972 1242 1013 i.
1290 985 1322 1013 e.
1364 975 1612 1024 praedictum
1655 973 1763 1027 quod

302 1051 553 1094 vocabulum
585 1064 668 1091 non
706 1063 800 1090 raro
833 1050 945 1104 apud
974 1050 1155 1090 Plinium
1196 1050 1424 1104 reperitur,
1466 1064 1559 1091 cum
1591 1051 1767 1092 alterum

193 736 273 784 379

304 1143 526 1185 nusquam,
558 1129 638 1169 nisi
669 1128 805 1181 fallor,
836 1128 1013 1183 legatur.

862 1233 952 1281 341
975 1254 1033 1273 -—-
1051 1233 1210 1289 35,78.

194 1271 275 1317 '380
371 1319 687 1383 quamobrem
735 1323 782 1368 et
833 1319 956 1367 haec
1007 1318 1218 1389 breviter
1261 1318 1540 1382 attingimus
1577 1346 1636 1353 ——
1672 1318 1768 1383 pri-

370 1422 598 1471 mumque
636 1423 663 1455 a
698 1405 803 1456 sole
842 1407 1089 1471 capiemus
1126 1406 1396 1471 praesagia.

383 1539 386 1542 ‚
415 1494 628 1536 Orationis
659 1494 917 1536 concinnitas
948 1494 1133 1549 postulat
1163 1498 1210 1535 ut
1233 1494 1438 1535 scribatur
1466 1498 1563 1535 attin
1574 1506 1739 1545 qemus.

193 1608 273 1652 381
862 1606 952 1653 351
977 1620 1031 1640 =
1050 1607 1207 1662 35,80‚

371 1689 422 1739 Si
458 1694 612 1739 veret
647 1694 807 1740 aestas
844 1707 942 1741 non
977 1691 1082 1740 sine
1119 1691 1258 1755 riguo
1297 1689 1459 1754 aliquo
1477 1688 1767 1748 transierint,

371 1782 652 1827 autumnum
688 1793 914 1828 serenum
951 1795 1008 1829 ac
1045 1779 1253 1828 densum
1296 1807 1352 1813 -
1388 1777 1578 1827 facient.

415 1866 498 1906 Pro
543 1880 582 1908 V.
630 1869 790 1907 densum
839 1867 1006 1908 Hoffius
1051 1867 1094 1907 in
1126 1866 1259 1908 diurn.
1308 1866 1436 1921 antiq.
1468 1866 1575 1908 1854
1616 1879 1655 1919 p.
1688 1864 1767 1907 701

306 1948 420 1984 recte
467 1952 610 1984 let-sum
670 1944 870 1998 coniecit,
922 1949 1038 1996 rigsuo
1100 1944 1211 1999 quod
1272 1948 1513 1998 corruptum
1558 1956 1650 1984 esse
1681 1941 1769 1983 Sill.

306 2021 490 2074 viderat,
541 2020 630 2061 Ian.
661 2021 703 2061 in
733 2026 869 2073 riqore
899 2022 1101 2074 correxit,
1146 2021 1309 2062 facilius
1353 2021 1584 2062 mutabitur
1628 2022 1669 2060 in
1695 2022 1770 2068 sri-

305 2113 415 2152 (Jore,
446 2099 564 2140 cuius
600 2099 714 2140 vocis
731 2100 865 2154 prima
888 2101 1028 2141 littera
1045 2099 1192 2140 ultima
1211 2099 1428 2153 proximae
1458 2103 1541 2139 sine
1570 2098 1770 2152 absorpta

308 2182 392 2230 est,
431 2177 524 2217 finis
556 2177 597 2217 in
628 2177 943 2219 similitudinem
982 2178 1023 2218 in
1063 2177 1276 2232 sequentis
1304 2176 1610 2217 terminationis
1654 2175 1767 2217 abiit.

310 2255 446 2309 Supra
464 2268 558 2295 cum
577 2254 642 2295 ed.
674 2254 820 2296 Dalec.
843 2270 1011 2306 quarum
1032 2269 1053 2296 e
1075 2255 1166 2296 cod.
1198 2269 1223 2296 a
1254 2255 1362 2309 lego,
1394 2256 1430 2309 ἓ.
1449 2255 1529 2298 337
1556 2254 1769 2308 vulgatam

309 2333 532 2375 lectionem
560 2337 695 2386 eliam,
727 2333 819 2375 cod.
851 2334 877 2375 d
909 2334 1219 2386 confirmatam,
1256 2333 1401 2389 probo.

917 2521 1019 2570 LlB.
1055 2521 1163 2570 XIX.

365 2653 594 2707 Aliquanto
625 2652 898 2707 locupletiore
932 2657 973 2692 et
1018 2652 1190 2693 meliore
1222 2652 1275 2692 ad
1305 2652 1415 2692 hunc
1446 2651 1596 2692 librum
1628 2663 1769 2691 emen-

313 2730 497 2772 dandum
538 2730 816 2771 instrumento
855 2731 914 2770 uti
953 2729 1106 2770 licebit.
1164 2729 1272 2770 Nam
1302 2733 1470 2783 praeter
1514 2728 1603 2770 cod.
1635 2742 1769 2769 cnon

313 2809 431 2864 parvi
467 2807 707 2848 faciendum
750 2807 906 2862 insigni
952 2807 1201 2848 auctoritate
1245 2805 1608 2862 Pseudo-Apuloii
1657 2805 1769 2860 frag-
