1914 3237
724 176 857 218 Liber
887 177 941 218 V.
1515 177 1569 218 77

92 299 190 341 cod.
223 299 263 340 N
307 306 466 343 exstat.
536 299 703 341 Verum
742 301 786 341 in
820 300 1202 342 coniunctionibus
1239 306 1325 341 tam
1362 300 1569 351 insolitis,

90 378 234 432 qualis
267 385 340 420 est
367 378 685 420 vocabulorum
714 383 756 418 et
785 385 829 419 et
857 383 936 417 aut
964 379 1209 432 copulatio,
1249 392 1420 421 summa
1447 386 1570 421 certe

92 456 297 498 cautione
329 469 448 510 opus
478 457 571 498 erit.
632 455 752 498 Malo
780 457 911 513 igitur
942 457 1169 498 scribere:

462 535 532 576 In
560 549 650 576 ora
680 541 847 576 autem
872 534 1063 576 subiecta
1096 534 1175 577 rel.

647 663 711 711 79
732 689 782 709 =
806 662 1013 711 Ibidem.
1598 679 1674 722 101

157 763 418 812 Antiochia
452 763 606 812 libera
645 763 692 813 E
705 780 737 829 p
750 763 765 811 i
777 763 808 811 d
822 780 849 811 a
860 781 891 828 p
906 764 935 811 h
949 780 978 811 n
993 781 1020 811 e
1033 781 1056 811 s
1094 762 1446 828 cognominata.

202 877 407 918 Praestat
436 877 607 918 divisim
636 877 836 918 scribere
867 877 934 933 epi
955 875 1165 932 Daphnes
1208 876 1356 931 (apud
1384 876 1571 918 Strabo-

93 968 192 996 nem
223 955 336 996 enim
366 955 483 998 XVI.
501 955 596 996 749.
624 954 650 1008 ἦ
679 953 741 998 ἐπὶ
768 955 919 1011 Δάφνῃ
950 954 1237 1010 appellatur),
1271 954 1384 1011 §.78.
1401 953 1572 996 Gabala

91 1048 174 1088 pro
206 1031 394 1083 Gabale,
422 1035 537 1076 sicut
568 1041 611 1076 et
641 1048 667 1076 a
698 1034 919 1077 Strabone
949 1034 1068 1075 XVI.
1097 1049 1137 1089 p.
1157 1033 1250 1076 753.
1286 1041 1329 1075 et
1363 1048 1391 1075 a
1425 1033 1572 1075 Ptole-

93 1126 219 1155 maeo
248 1112 301 1153 V.
323 1112 388 1155 15.
418 1112 458 1162 3,
478 1112 548 1156 21.
581 1113 841 1168 appellatur.
909 1111 1075 1155 Gazaba
1103 1113 1217 1154 enim
1245 1113 1286 1153 in
1321 1111 1484 1154 RDald
1512 1112 1572 1154 le-

93 1193 225 1248 gitur.
284 1191 450 1233 Ibidem
479 1198 602 1233 recte
630 1190 859 1233 Pintianus
892 1192 1090 1233 correxit
1118 1190 1330 1232 Leonum.

584 1319 648 1367 81
671 1325 721 1368 et
739 1319 804 1368 82
824 1343 870 1362 =
894 1319 974 1367 23.
997 1320 1076 1367 19.
1598 1356 1677 1396 102

202 1419 424 1463 Nonnulla
450 1420 625 1461 nomine
653 1420 837 1475 propria
865 1417 996 1473 vulgo
1028 1419 1140 1462 male
1163 1421 1430 1466 scribuntur.
1476 1421 1570 1462 Pri-

93 1513 209 1541 mum
255 1499 422 1541 rectius
471 1513 568 1541 eum
609 1499 796 1541 vetustis
842 1498 1105 1541 editionibus
1152 1508 1196 1543 et
1243 1501 1341 1543 cod.
1377 1500 1420 1542 R
1470 1501 1572 1555 (ubi

95 1577 254 1633 legitur
282 1578 595 1633 Hermisenos)
634 1585 738 1633 post
775 1593 816 1618 v.
850 1576 1204 1620 Granucomatae
1237 1581 1446 1622 scribitur
1476 1580 1573 1621 He-

94 1657 280 1697 misenos
303 1679 349 1687 —
384 1655 625 1697 litterarum
654 1656 768 1698 enim
803 1656 959 1697 ordine
989 1657 1031 1697 in
1064 1660 1378 1702 enumerandis
1411 1660 1572 1715 Syriae

96 1735 272 1790 oppidis
301 1735 435 1775 utitur
468 1734 629 1778 Plinius
671 1751 748 1783 ——3
789 1742 922 1790 atque
953 1736 1139 1777 eandem
1176 1738 1230 1778 ob
1256 1751 1437 1780 causam
1468 1746 1571 1793 post

96 1812 319 1856 Selene-ias
348 1827 445 1855 cum
477 1814 604 1857 codd.
624 1827 649 1854 a
674 1822 716 1855 et
742 1815 767 1855 d
798 1814 956 1855 leviter
984 1815 1208 1870 corruptis
1238 1815 1470 1872 legendum
1503 1826 1573 1859 est

102 1891 406 1947 Tardylenses‚
435 1893 551 1948 quod
582 1893 667 1933 iam
699 1893 753 1933 ab
786 1891 921 1933 Hard.
954 1894 1310 1937 animadversum
1343 1904 1423 1938 est.
1467 1895 1573 1938 Car-

97 1970 228 2026 ἀμίας
251 1972 365 2013 enim
382 1984 510 2026 quam
533 1985 587 2012 ex
607 1970 835 2014 Hecataeo
854 1985 1057 2028 magnam
1074 1973 1234 2029 Syriae
1248 1976 1402 2017 urbem
1433 1975 1573 2018 fuisse

97 2050 230 2091 tradit
244 2049 516 2104 Stephanus,
549 2051 705 2092 eadem
725 2058 795 2093 est
818 2059 952 2107 atque
967 2050 1151 2107 Cadytis
1171 2053 1385 2096 Herodoti
1401 2056 1454 2099 11.
1478 2055 1572 2106 159,

98 2127 305 2182 et111.5,
345 2131 492 2185 itaque
528 2130 583 2170 ad
619 2129 913 2171 Palaestinam
950 2132 1161 2187 pertinet,
1203 2147 1334 2188 quam
1364 2134 1573 2177 Hieroso-

96 2206 214 2263 lyma
246 2207 383 2250 fuisse
415 2222 682 2263 persuasum
711 2208 874 2250 habeo.
908 2208 1098 2251 Gravius
1131 2211 1173 2252 in
1202 2214 1405 2266 proximo
1435 2228 1573 2257 sensu

95 2286 246 2328 vitium
277 2287 517 2329 tollendum
549 2288 646 2332 erit.
705 2287 947 2329 Enumerat
975 2288 1033 2329 ibi
1067 2288 1229 2331 Plinius

164 2375 494 2438 Beroeenses,
530 2376 966 2442 Epiphanoenses3
1009 2378 1077 2427 ad
1109 2379 1410 2430 orientem
1447 2382 1574 2432 Lao·
1601 2402 1681 2445 103

167 2466 368 2515 dicenos
403 2467 484 2530 qui
529 2468 588 2516 ad
625 2458 867 2517 Libanum
914 2470 1338 2535 cognominantur,
1381 2473 1572 2523 Leuca-

166 2556 274 2606 dios
311 2563 390 2605 rel.

208 2657 479 2700 Laodiceam
509 2665 657 2700 autem
686 2660 946 2702 Scabiosam
986 2674 1101 2717 quae
1136 2663 1265 2704 etiam
1296 2677 1324 2705 a
1355 2664 1576 2706 Strabone

100 2735 216 2781 XVI.
247 2751 288 2792 p.
310 2737 404 2780 755.
435 2736 459 2790 ἡ
490 2737 592 2793 πρὸς
619 2737 789 2794 Λιβάνῳ
833 2739 1005 2795 dicitur,
1035 2755 1114 2783 cur
1144 2743 1200 2783 ad
1231 2743 1444 2785 orientem
1474 2757 1575 2798 spe-

103 2820 225 2857 ctare
242 2817 472 2860 tradiderit
490 2817 673 2870 Plinius,
702 2831 842 2860 causa
857 2818 978 2861 nulla
1004 2821 1251 2875 excogitari
1271 2830 1432 2877 potest.
1465 2822 1577 2863 Tan-
