1914 3237
720 163 850 204 Liber
879 162 978 203 XV.
1507 156 1588 197 189

120 290 232 330 male
248 289 443 343 Silligius
469 288 673 329 distinxit.
707 285 884 327 Scilicet
907 284 1078 323 tertium
1099 296 1240 334 genus
1265 289 1332 321 est
1353 280 1587 322 Gallicum:

120 370 268 423 itaque
302 368 481 423 gravior
518 374 620 420 post
657 365 888 421 degenerat
931 362 1223 415 interpunctio
1270 360 1463 401 tollenda
1509 360 1590 400 erit

121 460 218 487 cum
240 445 481 497 Harduino,
512 443 583 498 qui
602 449 745 482 tamen
779 447 877 495 post
907 440 1078 480 setania
1109 438 1278 493 plenius
1309 438 1588 491 interpunxit.

688 554 753 601 88
775 575 826 596 z
847 553 927 613 22,
951 552 1030 599 24.
1616 562 1698 602 950

191 678 233 684 -
272 647 321 694 in
336 646 502 695 Asiam
524 645 885 708 Graeciamque
906 661 932 692 e
951 645 1113 692 Ponto
1151 658 1356 690 venere
1391 650 1447 688 et
1480 641 1590 688 ideo

189 737 338 802 quod
377 736 615 785 Ponticae
652 752 802 782 nuces
842 741 1090 782 vocantur.

234 828 296 868 lta
329 826 522 883 Silligius
562 841 585 868 e
617 827 744 867 codd.
775 826 840 866 ad
879 824 1070 879 scripsit.
1144 824 1204 865 At
1236 836 1342 864 vero
1375 836 1462 863 11011
1497 835 1594 876 pro-

123 915 277 960 pterea
308 907 349 946 in
380 906 533 946 Asiam
563 912 780 946 venerunt
808 917 966 953 nuces,
998 904 1096 957 quia
1130 902 1340 942 Ponticae
1370 899 1596 954 appellan-

126 994 209 1039 tur,
241 984 320 1025 sed
348 984 508 1038 ubique
544 983 755 1023 Ponticae
785 990 1015 1031 vocantur,
1048 980 1147 1035 quia
1185 994 1208 1020 e
1246 980 1384 1020 Ponto
1414 992 1594 1021 venere.

125 1065 188 1104 lta
221 1063 343 1119 §.51.
376 1061 486 1102 mala
530 1061 608 1111 „in
639 1060 772 1114 Epiro
817 1061 997 1114 primum
1037 1058 1298 1111 provenisse
1337 1065 1596 1110 argumento

124 1149 225 1182 sunt
256 1140 418 1180 Graeci
447 1140 518 1194 qui
552 1139 776 1193 Epirotica
806 1142 1017 1179 vocantss.
1080 1137 1185 1177 Sine
1219 1136 1348 1176 dubio
1379 1136 1507 1189 igitur
1538 1135 1597 1176 le-

126 1221 211 1261 ctio
237 1219 334 1260 cod.
365 1218 400 1259 Τ
427 1232 508 1279 que
537 1217 791 1271 recipienda
825 1224 918 1263 est3
961 1220 1002 1254 et
1046 1221 1189 1255 autem
1222 1215 1337 1268 quod
1370 1214 1599 1268 praecedit

127 1312 151 1340 e
184 1299 446 1353 compendio
479 1295 669 1352 perfecti
697 1287 851 1335 venerT
871 1293 1034 1334 factum
1062 1301 1140 1335 est.
1196 1294 1349 1348 itaque
1380 1294 1600 1334 scribatur

129 1385 324 1432 oportet:

307 1482 359 1489 —-
395 1471 417 1496 e
446 1456 583 1496 Ponto
614 1461 847 1495 venerunt
877 1454 1076 1515 ideoque
1105 1455 1312 1495 Ponticae
1351 1454 1424 1495 rel.

695 1569 759 1615 97
780 1591 828 1609 --
850 1569 929 1628 24,
955 1568 1033 1615 27.
1627 1580 1705 1620 -251

200 1661 453 1708 Minimum
496 1659 543 1706 in
586 1659 674 1705 hac
713 1659 887 1705 arbore
925 1658 1119 1722 (moro)
1160 1657 1350 1721 ingenia
1384 1659 1603 1721 prosece-

202 1760 335 1811 runt‚
377 1768 466 1798 nec
504 1750 775 1797 nominibus
812 1766 902 1797 nec
950 1749 1153 1797 insitis
1202 1766 1291 1796 nec
1329 1749 1422 1797 alio
1462 1749 1603 1796 modo

202 1860 340 1906 quam
378 1842 506 1906 pomi
540 1840 892 1904 maguitudine3
921 1838 1153 1886 differunt
1190 1854 1324 1887 mora
1357 1838 1607 1886 Ostiensia

202 1941 249 1980 et
283 1932 563 1980 Tusculana
601 1930 803 1977 Romae.

250 2022 418 2062 Vocem
459 2021 597 2061 insitis
636 2019 952 2074 Dalccampius
992 2032 1247 2074 corruptam
1280 2032 1382 2060 esse
1417 2019 1609 2059 animad—

136 2102 265 2141 vertit
303 2110 434 2155 atque
471 2100 604 2139 insitu
641 2099 837 2139 coniecit.
913 2102 1055 2145 Quum
1095 2112 1202 2138 vero
1239 2111 1324 2137 non
1363 2098 1416 2138 de
1458 2104 1608 2139 certae

138 2179 364 2219 cuiusdam
403 2178 576 2218 arboris
607 2177 810 2217 insitione
845 2176 962 2216 velut
990 2177 1027 2231 ξ.
1047 2175 1112 2215 52.
1143 2189 1289 2216 sermo
1321 2176 1397 2226 sit,
1438 2175 1610 2216 litteras

137 2259 284 2310 potius
318 2256 551 2297 nonnullas
592 2256 815 2296 excidisse
853 2255 1060 2304 arbitror,
1101 2255 1257 2309 quibus
1295 2256 1511 2309 suppletis
1542 2256 1609 2294 in-

139 2335 361 2377 sitionibus
393 2338 471 2377 erit
504 2336 803 2378 scribendum.
866 2335 955 2375 Sed
987 2333 1168 2375 alterum
1202 2334 1331 2375 etiam
1365 2335 1508 2374 vitium
1540 2347 1612 2375 re-

142 2422 242 2456 stat.
302 2415 501 2468 Namque
531 2429 673 2469 neque
708 2414 821 2468 pomi
846 2414 1143 2469 magnitudine
1163 2414 1339 2467 ingenia
1365 2413 1613 2468 proficiunt,

141 2508 284 2548 neque
317 2493 550 2534 verisimile
582 2504 665 2547 est,
697 2493 982 2534 differentiam
1016 2507 1128 2548 quae
1159 2494 1273 2534 inter
1291 2508 1414 2534 mora
1435 2494 1614 2534 Ostien-

142 2572 207 2613 sia
241 2580 283 2612 ct
313 2571 563 2612 Tusculana
599 2573 640 2611 in
681 2580 872 2611 mercatu
906 2571 1104 2611 Romano
1134 2572 1286 2622 fuerit,
1330 2573 1444 2627 tangi
1486 2573 1614 2613 modo

143 2665 226 2692 nec
270 2652 474 2692 describi.
548 2650 790 2704 [trumqne
827 2650 1180 2703 interpunctione
1223 2651 1262 2691 111
1295 2650 1409 2691 hunc
1444 2652 1615 2692 modum

143 2738 307 2772 mutata
338 2731 584 2771 sanabitur:

200 2808 577 2859 insitionibus3
621 2822 698 2847 nec
737 2806 821 2846 alio
859 2806 981 2846 modo
1018 2822 1147 2867 (11111111
1176 2808 1292 2863 pomi
1320 2809 1618 2864 mqqnilmline

199 2885 409 2943 differunt
439 2904 557 2928 mora
591 2889 675 2927 ost.
709 2893 748 2926 el
786 2886 908 2925 Taso,
944 2887 1136 2936 Romae:
