1914 3237
259 167 338 210 132
845 169 960 207 Liber
981 169 1139 208 ΧΧΙΓ.

258 297 441 340 tradidit.
472 297 800 353 Distinguuntur
831 304 974 340 autem
1005 299 1219 340 manantia
1255 299 1397 339 ulcera
1428 312 1452 339 a
1483 304 1722 354 putrescen-

257 375 392 427 tibus,
446 388 553 429 quae
593 375 628 429 ἕ.
659 376 712 418 38
744 376 1021 430 appellantur.
1079 376 1368 432 Transpositis
1406 376 1535 432 igitur
1565 378 1721 418 ultimis

254 453 393 494 verbis
424 452 691 494 scribendum
724 467 818 495 esse
849 467 1020 494 censeo:

310 533 509 571 ulceribus
538 534 788 572 manantibus
818 545 920 582 quae
946 534 1253 582 plmyedaenica
1284 539 1495 581 vocantur,
1535 535 1720 585 condylo-

310 612 438 655 malls,
470 612 708 649 vulneribus.

146 673 219 714 51¹
534 701 595 748 39
617 713 668 733 =
691 700 815 754 733.
855 697 943 756 (de
982 697 1091 761 pice
1118 712 1278 746 sermo
1317 702 1438 757 cst).

322 784 587 849 Rhagadas
625 785 758 833 sedis
813 789 860 834 et
897 784 1075 849 pedum
1119 799 1373 849 panosque
1433 789 1480 834 et
1530 799 1719 848 ungues

320 873 522 921 scabros
559 873 799 928 emendat,
838 873 1013 921 vulvae
1047 873 1246 922 duritias
1284 878 1330 921 et
1366 872 1718 922 conversiones

320 960 495 1018 odoro,
531 960 643 1008 item
682 958 1009 1024 lethargicos3
1045 965 1252 1009 strumas
1291 975 1398 1009 cum
1434 960 1585 1009 farina
1607 958 1719 1009 hor-

320 1048 489 1097 deacia
527 1086 536 1097 .
577 1088 585 1097 .
624 1086 634 1096 .
674 1048 881 1097 decocta
917 1048 976 1096 ad
1016 1048 1415 1113 suppurationem
1445 1048 1683 1113 perducit.

364 1135 546 1176 Omnino
585 1135 858 1177 Dioscorides
888 1135 923 1176 Ι.
953 1135 1005 1179 94
1051 1150 1144 1177 cum
1187 1135 1251 1177 his
1299 1135 1435 1177 verbis
1483 1136 1716 1191 conspirat:

253 1219 365 1271 κηρῷ
397 1214 468 1264 δὲ,
514 1214 593 1266 ait,
639 1214 716 1270 ἴσῳ
746 1218 923 1268 μιγεῖσα
954 1214 1141 1270 λεπροὺς
1185 1214 1345 1267 ὄνυχας
1375 1212 1603 1268 ἀφίστησι,
1636 1213 1717 1267 φύ-

250 1292 367 1346 ματά
405 1307 452 1333 τε
489 1290 674 1347 ὑστέρας
718 1295 791 1333 καὶ
837 1293 1036 1348 σκληρίας
1077 1292 1311 1334 δακτυλίου
1357 1291 1578 1345 διαφορεῖ·
1638 1291 1718 1333 σὺν

251 1374 434 1426 κριθίνῳ
487 1370 535 1411 δὲ
587 1367 810 1423 ἑψηθεῖσα
870 1368 1038 1426 εἷλεῦρῳ
1074 1402 1083 1411 .
1117 1402 1125 1410 .
1156 1369 1367 1425 χοιράδας
1415 1369 1714 1424 περιρρὴσσει.

252 1448 382 1489 Vides
414 1447 465 1488 de
504 1448 603 1488 solis
646 1447 889 1502 lethargicis
932 1460 1026 1487 eum
1072 1452 1212 1487 tacere
1245 1460 1349 1502 quos
1381 1445 1530 1487 Celsus
1558 1446 1634 1487 ΙΙΙ.
1665 1446 1719 1489 20

251 1526 354 1580 picis
395 1525 524 1566 odore
562 1528 742 1566 recreari
793 1524 978 1566 tradidit.
1037 1523 1227 1572 Quocum
1261 1525 1421 1565 Plinius
1467 1524 1714 1576 consentiet,

251 1618 343 1646 cum
375 1605 434 1644 ita
463 1604 592 1645 verba
613 1603 702 1644 eius
737 1602 1000 1645 distinxeris:

306 1715 314 1724 .
349 1717 353 1721 .
387 1686 674 1729 conversiones,
707 1685 831 1721 odore
861 1685 947 1722 item
976 1684 1227 1731 lellzarye'cos.

139 1785 219 1829 512
841 1777 898 1823 41
926 1791 975 1809 =
997 1778 1123 1831 725.

314 1863 400 1912 Est
437 1868 483 1912 et
520 1862 876 1928 pissasphaltos
927 1862 1075 1911 mixta
1114 1862 1327 1911 bitumini
1377 1862 1483 1925 pice
1522 1866 1713 1910 natura-

314 1951 421 2000 liter
459 1968 517 2000 ex
544 1951 961 2016 Apolloniatarum
991 1965 1123 2014 agro
1164 1948 1369 2010 Quidam
1390 1949 1481 2014 ipsi
1508 1935 1713 1998 miscent

314 2040 630 2104 praecipuum
669 2039 729 2088 ad
767 2038 980 2088 scabiem
1021 2052 1250 2103 pecorum
1289 2037 1571 2085 remedium.

358 2127 451 2168 Non
484 2140 534 2167 ea
575 2131 736 2167 tantum
776 2125 1081 2181 pissasphaltos
1113 2138 1221 2179 quae
1251 2128 1340 2165 arte
1370 2124 1438 2177 fit,
1479 2123 1552 2164 sed
1586 2124 1711 2164 etiam

248 2219 299 2246 ea
329 2219 437 2261 quae
469 2206 654 2246 nascitur
684 2204 858 2246 remedii
877 2217 998 2244 usum
1019 2201 1204 2258 praebet.
1237 2201 1596 2256 Distinguendum
1628 2206 1712 2243 est:

248 2298 298 2324 ea·
331 2289 403 2335 Ap.
436 2297 557 2334 αρν-ο,-
590 2287 751 2334 qnidam
775 2286 850 2334 ipsi
878 2286 1063 2329 miscem;
1091 2284 1268 2332 praecii).
1300 2285 1380 2321 etc.

137 2400 216 2443 513
847 2387 904 2432 47
925 2398 967 2417 ²:-
988 2385 1112 2440 832.

316 2472 460 2521 Umor
518 2489 542 2520 r
595 2472 728 2520 cavis
775 2469 941 2535 populi
998 2470 1165 2533 nigrae
1222 2468 1427 2517 effluens
1484 2483 1711 2517 verrucas

316 2559 617 2623 papulasque
657 2575 714 2608 ex
755 2559 913 2607 attritu
953 2559 1150 2607 obortas
1187 2556 1325 2606 tollit.

359 2646 615 2687 Gronovium
649 2646 689 2687 S.
723 2647 753 2687 1.
781 2647 913 2687 secuti
947 2651 1043 2686 sunt
1074 2646 1144 2700 qui
1175 2653 1286 2685 orsas
1319 2643 1503 2697 scripsit:
1543 2642 1710 2682 codices

247 2739 271 2765 a
299 2738 318 2764 r
345 2724 378 2765 E
410 2730 450 2764 et
481 2724 773 2765 Dioscoridem
805 2725 836 2764 I.
873 2724 950 2765 110
980 2724 1097 2778 sequi
1129 2723 1361 2778 oportebat.
1395 2719 1554 2769 ειῖῶδες
1584 2718 1632 2762 ἐν
1661 2725 1710 2777 τῇ

243 2807 518 2859 παρατρίψει
559 2800 744 2841 umidum
791 2800 891 2841 illud
923 2801 1182 2855 appellatur3
1242 2808 1277 2839 ec
1307 2803 1444 2838 allrilu
1484 2798 1560 2852 (ex
1590 2802 1710 2839 atrila
