1914 3237
769 182 886 223 Liber
918 181 1031 222 XVI.
1575 175 1627 219 21

272 310 536 352 Vocabulum
560 314 716 362 praetio
748 323 855 350 unus
886 309 947 349 D2
979 309 1184 360 servavit,
1221 307 1384 362 reliqua
1413 307 1455 347 in
1501 319 1630 347 mem-

162 389 304 430 branis
335 390 377 430 in
407 404 444 429 v.
473 402 594 440 saepe
624 392 840 429 contracta
869 387 1104 428 certissima
1131 385 1426 427 emendatione
1452 399 1474 426 e
1493 384 1631 426 Theo-

161 467 334 523 phrasto
366 466 635 521 supplentur:

210 548 365 597 praelio
415 551 583 595 ecquae
621 546 737 584 oxeia
775 556 913 595 campe
949 555 1079 594 prope
1118 544 1334 583 Lebadiam
1375 549 1545 582 vocatur
1574 545 1631 582 in-

212 626 358 673 fluente
390 624 565 673 Cephiso.

640 702 747 750 169.
792 703 897 749 170.
921 715 967 734 Ξ·
991 702 1148 758 36,65.

268 787 333 829 Ne
372 802 423 829 ea
453 787 624 843 quidem
663 801 771 844 quae
803 787 994 843 proxime
1034 792 1288 842 sequuntur,
1337 788 1453 826 recte
1502 784 1629 839 vulgo
1659 814 1741 860 284

161 865 221 907 sic
253 865 452 907 eduntur:

225 943 345 994 Cum
379 945 527 1009 igitur
564 961 689 995 anno
728 945 992 1010 permansit
1043 943 1318 1001 inundatio,
1372 941 1633 1006 proficiunt

224 1032 271 1080 in
309 1034 672 1100 aucupatoriam
724 1049 920 1098 quoque
957 1032 1347 1097 amplitudinen13
1383 1030 1632 1081 vocaban-

223 1126 299 1168 tur
334 1121 572 1184 zeugitae.
626 1121 802 1171 Contra
862 1121 1176 1184 bombyciae,
1232 1119 1461 1168 maturius
1511 1119 1632 1167 reci-

227 1224 404 1274 pr000‚
451 1209 694 1273 gracileS‚
750 1209 1036 1258 feminarum
1092 1206 1262 1257 latiore
1315 1207 1431 1257 folio
1483 1212 1629 1270 atque

228 1298 534 1356 candidiore,
591 1298 783 1347 modica
831 1296 1064 1361 lanugine
1115 1302 1195 1345 aut
1247 1296 1441 1345 omnino
1497 1293 1630 1344 nulla

225 1386 499 1451 spadonum
534 1387 728 1436 nomine
764 1386 1057 1450 insignibus,

260 1474 429 1514 Plinius
456 1474 568 1515 enim
599 1487 692 1514 cum
722 1482 891 1528 praeter
921 1474 1051 1514 verba
1082 1472 1318 1525 ,proficiunt
1350 1497 1397 1500 —
1433 1471 1627 1526 amplitu-

160 1551 314 1593 djnem'·
345 1552 584 1604 importune
630 1555 690 1593 ita
719 1553 839 1593 illata
876 1558 922 1592 ut
954 1552 1008 1591 ad
1038 1557 1205 1604 tempus
1245 1550 1480 1603 perfectum
1518 1549 1628 1591 refe-

157 1638 316 1682 rantur,
347 1621 689 1684 Theophrastum
721 1641 919 1671 accurate
952 1629 1222 1684 expresserit,
1256 1641 1308 1668 ex
1334 1627 1458 1668 huius
1489 1628 1628 1669 verbis

158 1708 229 1749 IV.
258 1711 317 1749 ll.
339 1710 363 1750 3
395 1712 467 1749 καὶ
494 1712 701 1760 γίνεσθαι
733 1709 809 1750 τὸν
835 1710 915 1762 μὲν
946 1706 1199 1763 ἁδρυθέντα
1230 1708 1438 1761 ζευγίτην,
1471 1705 1502 1764 ᾧ
1529 1705 1628 1748 δ’ἂν

159 1786 214 1841 μὴ
256 1790 595 1844 συμπαραμείνῃ
637 1786 684 1828 τὸ
730 1785 848 1840 ὕδωρ
879 1789 1123 1839 βομβινκίαν
1156 1784 1364 1839 colligitur
1403 1794 1628 1840 utrumque

159 1863 469 1905 substantivum
503 1878 596 1904 cnm
628 1864 756 1905 verbo
788 1863 1153 1918 coniungendum,
1184 1863 1326 1918 itaque
1360 1862 1627 1904 scribendum

158 1955 276 1983 esse:

213 2024 463 2061 vocabamur
480 2025 674 2072 zeityitcze,
705 2028 846 2062 conlra
868 2023 1097 2072 bombyciae
1116 2022 1310 2060 masurius
1335 2022 1545 2071 reciproco
1571 2032 1627 2061 sc.

212 2097 319 2139 lacu.

267 2176 386 2224 Quae
417 2190 575 2231 genera
615 2190 639 2216 a
668 2175 961 2231 Theophrasto
995 2189 1090 2215 cum
1121 2174 1289 2215 feminis
1325 2180 1628 2230 comparantur

157 2255 267 2304 ὅλως
298 2255 346 2296 δὲ
377 2257 516 2310 θῆλυν
546 2259 594 2311 τῇ
626 2255 874 2310 προσόιζέις
916 2256 1055 2308 itaque
1083 2252 1226 2293 addito
1259 2253 1371 2307 quod
1403 2254 1626 2296 intercide-

156 2338 221 2373 rat
246 2331 453 2373 vocabulo
486 2333 751 2387 appellantur

209 2413 384 2459 qraciles
421 2414 657 2458 feminarum
696 2413 855 2464 modo,
896 2413 1036 2450 latiore
1075 2397 1195 2457 folio'
1218 2416 1335 2460 alque
1377 2413 1627 2463 candidiore,

209 2474 366 2528 modica
397 2492 605 2538 lanziyine,

155 2579 238 2620 qua
270 2565 388 2605 abiis
408 2565 733 2620 distinguuntur,
765 2577 869 2620 quos
899 2565 1220 2619 Theophrastus
1251 2564 1484 2606 tradiderat
1504 2566 1626 2615 τινὰς

155 2644 202 2685 δὲ
235 2643 345 2692 ὅλως
376 2642 454 2686 οὐκ
474 2642 590 2696 ἔχειν
622 2643 695 2691 οὓς
727 2646 799 2684 καὶ
828 2644 1241 2698 προσαγορεύουσιν
1271 2642 1517 2697 εὖνουχίας,
1547 2644 1624 2685 ita-

156 2716 236 2775 que
267 2730 362 2773 post
391 2735 428 2760 v.
460 2725 650 2771 lumiyine
679 2720 1064 2775 interpungendum
1107 2730 1148 2761 et
1190 2729 1258 2761 (tul
1296 2722 1339 2761 in
1370 2731 1412 2763 ac
1458 2728 1623 2763 mutan-

155 2797 254 2838 dum
284 2798 375 2839 erit.
435 2798 505 2840 Sic
536 2798 706 2840 denium
737 2799 927 2855 perfecta
958 2808 1021 2840 est
1050 2799 1131 2840 loci
1163 2799 1416 2843 emendatio.
