1914 3237
748 174 868 216 Liber
897 177 941 215 X
948 174 1013 217 VJ.
1561 168 1614 213 15

619 308 709 356 139
746 310 794 354 et
829 308 891 355 40
910 327 969 348 ==
989 308 1148 363 33‚60.

224 407 550 472 (Cupressus)
610 404 790 453 femina
839 402 1017 453 sterilis
1064 403 1160 452 diu.
1216 401 1372 451 Metae
1422 401 1618 452 demum

218 495 457 560 adspectu
501 508 600 542 non
637 492 892 557 repudiata
928 490 1291 555 distinguendis
1326 494 1512 539 tantum
1548 490 1620 555 pi-

218 598 389 632 norum
427 582 703 639 ordinibUS,
740 595 871 629 nunc
907 595 1024 629 vero
1063 576 1255 628 tonsilis
1292 577 1419 626 facta
1455 582 1545 626 etc.

267 681 462 722 Sterilem
505 693 752 736 cupressum
797 679 925 719 etiam
961 677 1280 733 Theophrastus
1312 676 1539 731 appellavit
1568 676 1620 717 ΙΙ.

153 760 191 803 2.
221 760 248 803 2
287 774 416 813 ,caus
447 760 577 814 plant.
609 759 640 799 Ι.
672 758 709 801 2.
734 758 795 809 2‘,
853 757 925 797 diu
955 756 1141 797 sterilem
1172 768 1280 810 quae
1311 767 1478 809 semper
1509 759 1623 794 esset

154 852 207 879 ne
238 838 400 879 Plinius
432 837 602 892 quidem
634 835 848 891 appellare
877 834 1025 889 potuit.
1063 835 1196 874 Immo
1228 832 1307 873 hoc
1338 832 1457 885 dicit,
1498 836 1624 872 antea

152 917 309 957 rustico
348 920 512 956 tantum
571 915 666 955 usui
705 913 961 954 destinatam
1016 911 1090 967 (cf.
1126 914 1259 952 Varro
1290 925 1321 951 r.
1361 914 1463 950 rust.
1494 910 1526 950 I.
1557 910 1621 952 15.

156 993 233 1044 26)
267 1008 377 1034 nunc
408 994 535 1034 etiam
564 993 773 1048 parietum
805 991 1042 1046 elegantiae
1076 990 1234 1030 servire
1265 988 1478 1043 coepisse,
1510 987 1623 1043 quod

138 1086 235 1128 uno
268 1072 505 1112 accuratius
545 1070 875 1122 demonstraret,
923 1069 1155 1109 contrarias
1196 1067 1338 1122 posuit
1380 1080 1506 1108 voces
1538 1069 1623 1107 diu-

153 1164 278 1199 ηιιηε,
326 1157 451 1190 metae
481 1152 669 1200 adspectu
708 1174 738 1177 —-
777 1151 929 1189 tonsilis
953 1148 1082 1196 saclas.
1126 1144 1521 1201 Interpungendum
1560 1148 1625 1184 est

156 1228 305 1283 igitur:

206 1309 352 1355 femina
381 1309 538 1346 sterilis.
597 1307 672 1345 Diu
702 1311 827 1345 metae
858 1307 1010 1344 demum
1044 1303 1092 1354 (i.
1125 1315 1160 1342 e.
1193 1305 1380 1351 tantum)
1415 1305 1494 1342 eto.

160 1383 361 1424 Ceterum
390 1384 608 1424 verissime
638 1383 861 1423 Pintianus
894 1396 968 1437 pro
1001 1385 1199 1436 corrupta
1227 1393 1331 1421 voce
1358 1384 1542 1432 pinorum
1562 1393 1626 1420 re-

158 1462 353 1502 stituerat
382 1466 607 1516 vinearum,
653 1461 704 1503 cf.
736 1459 872 1502 Varro
903 1461 928 1501 l.
960 1461 999 1513 l.‚
1029 1460 1134 1500 Plin.
1163 1458 1299 1499 XVII.
1331 1460 1431 1511 151,
1483 1458 1555 1499 ubi
1583 1458 1626 1498 in

159 1540 378 1581 vinearum
403 1540 686 1596 descriptione
701 1541 808 1582 haec
830 1540 924 1594 ipsa
944 1538 1074 1579 verba
1093 1538 1387 1592 respiciuntur.
1402 1562 1447 1566 -
1486 1537 1626 1590 §.ML

159 1623 273 1658 recte
314 1618 401 1659 Sill.
435 1618 468 1660 I.
505 1623 710 1671 plantaria
741 1619 900 1673 legunt.
959 1616 1122 1658 Ibidem
1154 1615 1371 1671 vulgatam
1401 1615 1627 1656 lectionem

157 1701 196 1736 in
227 1701 402 1737 Aenaria
459 1711 484 1737 a
514 1697 600 1738 Sill.
631 1697 665 1738 Ι.
704 1696 877 1737 retineri
922 1699 988 1736 est
1027 1694 1139 1749 quod
1183 1694 1368 1747 mireris,
1422 1707 1517 1734 cum
1555 1706 1626 1734 ve-

157 1789 248 1816 ram
285 1779 325 1816 in
361 1777 491 1816 Tarra
531 1775 751 1816 Bentleius
793 1787 962 1829 opuscc.
1002 1788 1042 1828 p.
1073 1774 1167 1816 476.
1207 1785 1331 1827 quem
1361 1772 1500 1812 locum
1540 1771 1625 1812 Sill.

157 1856 248 1909 ipse
277 1854 480 1907 laudavit⁷
512 1853 835 1908 eTheophrasti
852 1851 950 1892 hist.
980 1851 1109 1907 plant.
1140 1852 1193 1892 Π.
1220 1851 1258 1893 2.
1289 1850 1325 1893 2.
1358 1850 1627 1891 restituisset.

158 1934 268 1976 Nam
305 1933 415 1974 hunc
451 1933 591 1974 locum
629 1945 654 1973 a
681 1931 818 1972 Plinio
859 1931 1111 1971 translatum
1143 1942 1237 1970 esse
1267 1928 1406 1970 verbis
1437 1927 1526 1970 ἀπὸ
1557 1931 1629 1983 τῆς

162 2016 293 2068 τομῆς
347 2011 584 2065 βλαστάνει
642 2014 684 2050 et
743 2008 922 2063 ,succisa
958 2008 1229 2062 regerminat‘
1283 2007 1393 2048 inter
1439 2019 1483 2047 se
1522 2019 1630 2052 com·

160 2091 318 2146 paratis
365 2089 556 2130 efficitur.
603 2087 772 2129 Scilicet
808 2087 851 2128 in
890 2086 1035 2128 codice
1077 2100 1102 2126 a
1132 2086 1202 2141 qui
1233 2084 1452 2139 archetypi
1482 2084 1629 2124 vitium

160 2170 203 2210 in
232 2168 403 2223 reliquis
432 2166 733 2221 interpolatum
767 2165 972 2218 servavit,
1003 2168 1234 2205 may-<maria
1265 2163 1481 2216 scribitur,
1522 2176 1629 2217 quae

153 2247 449 2302 ‘dittographia
472 2245 659 2286 ‘nominis
691 2245 875 2299 corrupti
919 2248 980 2292 (in
1010 2256 1080 2284 are
1109 2246 1149 2283 in
1181 2245 1292 2294 aria)
1326 2241 1494 2283 videtur
1524 2254 1630 2283 esse.

735 2370 1073 2426 142=33‚60.

229 2509 239 2520 .
259 2470 361 2520 Sed
395 2470 444 2518 in
480 2470 622 2518 Creta
655 2498 712 2504 —
753 2468 801 2515 vi
836 2466 1041 2516 naturali
1076 2466 1200 2515 haec
1234 2465 1465 2530 gignitur.

292 2571 362 2611 Sic
408 2583 431 2610 e
472 2570 579 2610 libro
630 2568 896 2623 Dalecampii
940 2580 1068 2608 manu
1117 2566 1271 2620 scripto
1318 2564 1405 2606 Sill.
1448 2564 1481 2607 Ι.
1533 2564 1632 2606 scri-

165 2654 354 2705 pserunt.
422 2647 659 2688 Gronovius
706 2660 729 2687 e
774 2646 967 2687 codicum
1011 2658 1183 2685 suorum
1233 2643 1422 2698 vestigiis
1471 2646 1546 2684 nisi
1591 2646 1631 2683 in

168 2732 343 2769 naturali
378 2727 520 2768 elicuit
576 2730 704 2779 ,qnasi
748 2729 787 2765 vi
823 2725 1032 2773 natm-alif
1075 2722 1129 2763 ad
1169 2735 1340 2762 sensum
1368 2726 1505 2774 recte,
1557 2720 1633 2762 sed

169 2807 349 2847 molesta
369 2819 474 2847 voce
497 2805 694 2847 admissa.
726 2805 762 2845 E
791 2803 945 2844 nostris
983 2802 1099 2843 libris
1124 2800 1151 2841 d
1172 2800 1469 2856 interpolatam
1488 2799 1632 2840 lectio-

1645 307 1724 352 275

1661 2365 1741 2409 276
