1914 3237
291 148 373 191 178
874 149 989 188 Liber
1018 151 1181 188 XXIX.

292 279 445 334 legitur
475 282 635 329 quidcem
666 287 703 319 el
731 283 920 320 attollitur
947 283 1092 330 viperis
1124 282 1186 331 (vi
1213 283 1356 332 viperis
1385 279 1471 334 R),
1514 280 1557 321 id
1586 280 1638 322 ab
1668 280 1755 321 edi-

291 356 452 397 toribus
476 361 633 397 tcmere
665 357 863 397 omissum
896 358 937 397 in
969 357 1184 413 archetypi
1208 358 1397 412 margine
1418 357 1652 398 rectissime
1683 357 1754 398 ad-

292 434 492 488 scriptum
530 433 619 475 fuit.
679 433 826 475 Vicino
867 436 977 475 enim
1023 435 1227 476 vocabulo
1274 438 1372 475 adde·
1408 434 1566 476 factum
1610 439 1674 475 est
1711 439 1756 475 ut

292 510 405 564 quod
441 511 601 551 Plinius
644 512 871 566 scripserat
911 516 1104 553 catallum·
1141 513 1165 554 i.
1213 525 1247 554 e.
1286 511 1479 565 ,antidoti
1510 512 1754 567 dignitatem

291 588 575 643 consequitur‘
612 589 653 628 in
685 593 847 630 additur
886 590 1296 643 coi·rumpe1·etur*).
1344 589 1477 630 Simili
1516 603 1656 631 errore
1686 590 1756 644 qui

292 669 433 706 tamen
470 679 596 706 verae
637 666 869 719 scripturae
909 667 1134 721 vestigium
1165 667 1320 707 retinet
1356 667 1398 706 in
1421 666 1479 706 R²
1523 676 1558 706 et
1587 671 1756 707 omnium

292 752 363 784 <ml
390 747 519 783 statim
549 743 714 797 legitur.
745 742 900 784 Deleta
929 745 1055 798 igitur
1084 757 1187 786 voce
1218 748 1385 785 omnium
1417 757 1440 785 e
1471 743 1756 798 superioribus

291 821 401 861 male
431 821 612 875 repetita
633 834 742 876 quae
774 825 997 862 remanent
1026 829 1063 861 el
1081 829 1150 862 aut
1177 821 1399 862 retinenda
1429 826 1538 862 sunt.

181 925 263 967 650
828 903 918 949 123
956 914 1004 935 Ξ
1043 899 1238 948 ibidem.

356 986 418 1034 ad
454 1001 652 1050 argema
689 991 736 1035 et
771 986 1046 1051 albugines,

403 1073 548 1114 Scribe
579 1088 672 1115 cum
704 1074 787 1117 R2:
822 1079 877 1116 od
905 1082 1112 1125 aryemata
1141 1088 1173 1117 e.
1205 1088 1244 1117 a.

182 1172 254 1214 651
831 1157 917 1203 124
955 1170 1007 1189 Ξ
1044 1153 1239 1202 ibidem.

357 1238 578 1287 Laudant
615 1245 661 1288 et
696 1240 908 1305 gallinae
946 1240 1009 1290 fel
1047 1246 1094 1290 et
1129 1241 1387 1306 praecipue
1409 1239 1604 1304 adipem
1642 1254 1758 1289 con-

358 1333 429 1376 tra
466 1327 667 1392 pusulas
704 1329 751 1376 in
790 1329 1010 1394 pupillis;
1058 1328 1145 1378 lias
1181 1329 1367 1378 scilicet
1404 1328 1508 1377 eius
1545 1328 1611 1376 rei
1648 1342 1759 1392 gra-

357 1416 423 1464 tia
457 1415 699 1480 saginant.

405 1506 487 1544 Has
525 1518 723 1559 quorsum
765 1506 970 1547 referatur
1001 1519 1083 1546 non
1128 1504 1276 1557 habet,
1313 1516 1451 1558 neque
1486 1503 1602 1545 libris
1638 1502 1758 1544 MSS.

291 1585 457 1636 praeter
487 1581 525 1635 d,
556 1583 674 1623 cuius
704 1597 805 1638 prae
838 1585 1008 1639 reliquis
1042 1584 1197 1638 exigua
1232 1582 1459 1623 auctoritas
1491 1585 1574 1634 est,
1607 1581 1755 1622 confir-

291 1664 441 1700 matur.
500 1659 649 1715 Itaque
689 1662 799 1716 quod
838 1662 881 1702 in
917 1661 1054 1704 &VR
1084 1661 1237 1716 legitur
1276 1673 1347 1701 nec
1384 1658 1497 1700 haud
1535 1658 1661 1699 dubie
1692 1672 1754 1699 re-

292 1737 530 1792 cipiendum
561 1744 665 1779 erat.
726 1739 894 1781 Scilicet
922 1740 1085 1780 Plinius
1116 1738 1293 1780 acerbus
1318 1737 1508 1778 luxuriae
1527 1737 1756 1777 insectator

293 1830 376 1856 non
415 1820 585 1870 propter
625 1816 759 1871 adipis
796 1818 837 1858 in
869 1832 914 1858 rc
952 1817 1117 1858 medica
1158 1830 1281 1857 usum
1321 1814 1396 1855 sed
1433 1814 1488 1855 ad
1526 1827 1753 1855 coenarum

293 1893 464 1934 delicias
496 1894 682 1948 saginari
700 1894 881 1935 eundem
901 1895 1036 1935 obiter
1052 1895 1226 1947 monuit,
1259 1893 1308 1934 cf.
1328 1892 1382 1934 X.
1403 1892 1487 1935 [39.
1518 1892 1755 1933 Particulas

293 1976 432 2012 autem
464 1985 536 2012 nec
569 1976 610 2012 ct
639 1976 787 2013 scilicet
816 1973 942 2014 ctiam
972 1972 1089 2014 XXI.
1124 1973 1176 2015 13
1206 1971 1430 2025 copulavit.

181 2066 261 2109 652
610 2077 613 2082 ’
828 2058 920 2104 127
947 2077 1004 2097 =
1024 2054 1220 2104 ibidem.

362 2141 635 2190 Earundein
687 2143 847 2190 avium
912 2142 1113 2206 sanguis
1172 2139 1460 2204 nyctalopas
1517 2144 1656 2188 sanat
1709 2144 1755 2187 et

358 2230 494 2279 iocur
529 2231 690 2279 ovium
716 2227 898 2294 atquc,
955 2236 1002 2278 ut
1040 2230 1084 2278 in
1125 2228 1283 2293 capris
1320 2227 1552 2285 diximus,
1591 2227 1754 2275 cilica-

359 2318 461 2365 cins
500 2317 675 2367 fulvae.

397 2405 553 2446 Fulvas
584 2419 684 2446 oves
716 2405 918 2460 appellari
953 2403 1148 2459 estquod
1173 2402 1348 2455 mireris,
1381 2415 1475 2443 cum
1506 2400 1751 2456 pracsertim

290 2496 410 2522 ovem
443 2482 665 2523 candidam
709 2482 978 2523 commendet
1007 2481 1230 2521 Marcellus
1262 2495 1301 2535 p.
1332 2480 1412 2523 279
1444 2481 1480 2519 Ι)
1520 2483 1560 2519 et
1592 2478 1752 2518 Plinius

290 2560 380 2614 ipse
411 2560 578 2600 rutilam
611 2574 780 2615 capram
811 2559 1046 2601 laudaverit
1075 2557 1391 2600 XXVIII.170.
1452 2555 1561 2604 Quid
1593 2555 1752 2595 multa?

362 2724 400 2767 *)
432 2724 479 2756 lta
508 2726 536 2763 §—
564 2724 624 2757 131
654 2724 688 2755 in
716 2723 901 2756 codicibus
929 2721 1129 2763 scripturae
1157 2730 1246 2764 quac
1272 2721 1308 2753 in
1336 2719 1432 2752 arch.
1460 2720 1578 2752 inerat
1604 2719 1752 2751 varietas

383 2794 579 2827 indicatur:
607 2793 799 2827 dicuntur,-
824 2793 955 2825 dicitur
981 2790 1008 2823 V
1025 2790 1045 2823 d
1073 2790 1219 2828 dicunt,-
1244 2792 1376 2823 dicitur
1403 2790 1443 2824 R.
1487 2797 1494 2800 “
