1914 3237
743 163 874 206 Liber
903 164 989 207 XI.
1525 163 1605 205 163

187 292 354 326 acetum
374 287 563 326 utrm-ime
584 285 813 328 laudabile.
849 286 1075 326 Aestivum
1096 301 1220 327 ounne
1241 285 1441 329 rutilum:
1463 285 1606 327 album

186 363 400 404 ulceribus
430 363 718 416 aptissimmn3
751 362 955 417 oplinmm
980 363 1061 405 rel.

242 443 306 483 lta
339 443 451 482 enim
483 441 677 495 loquitur
708 441 976 483 Aristoteles
1011 441 1121 483 Hist.
1142 442 1271 483 anim.
1294 444 1458 485 1X.40:
1490 443 1533 487 τὸ
1562 444 1606 487 δὲ

129 520 348 565 λευκὸν...
379 519 599 576 ἀγαθὸν..
630 519 730 575 πρὸς
763 520 1018 577 ὀφβαλμοὺς
1046 519 1121 564 καὶ
1151 518 1262 574 ἕλκη.

698 638 764 686 77
784 663 828 680 =
850 639 928 700 23,
949 639 1030 687 27.
1630 657 1710 699 201

196 736 563 805 (Bombyces).
581 774 621 787 ..
643 739 831 787 tunicas
866 739 958 787 sibi
989 739 1264 788 instaurare
1289 739 1490 800 densas,
1523 756 1608 804 pe-

196 827 310 875 dum
346 829 612 893 asperitate
653 830 884 878 radentes
914 831 1139 879 foliorum
1177 830 1470 896 lanuginem
1509 832 1608 880 vel-

197 919 328 978 lere3
377 919 501 968 hanc
532 921 590 968 ab
626 920 701 968 his
740 921 847 986 cogi
884 922 1115 986 unguium
1147 922 1493 971 (terminatione
1523 927 1606 969 rel.

244 1029 421 1070 Vellera
463 1045 594 1085 quum
633 1032 760 1073 codd.
789 1032 899 1073 RTd
940 1032 1158 1084 habeant,
1199 1041 1321 1075 recte
1353 1041 1532 1075 veteres
1565 1041 1608 1076 et

130 1107 443 1162 Dalecampius
476 1110 692 1151 dederunt
724 1112 770 1151 in
799 1111 984 1162 vellera,
1018 1114 1351 1167 praepositione
1382 1114 1429 1154 in
1460 1129 1515 1157 ex
1545 1114 1608 1155 ul-

130 1189 232 1229 tima
262 1187 405 1229 littera
436 1190 641 1231 vocabuli
661 1191 848 1245 proximi
874 1193 1072 1247 repetita.
1113 1192 1519 1248 Interpungendum
1539 1199 1608 1233 est

129 1275 275 1308 autem
307 1267 392 1308 ita:

186 1344 460 1402 lanuyinenq
497 1345 544 1385 in
572 1345 735 1386 vellera
765 1345 880 1388 lianc
910 1347 994 1402 (sc.
1022 1347 1299 1403 lanuginem)
1342 1345 1396 1388 ab
1426 1346 1492 1390 his
1520 1348 1606 1403 (sc.

185 1423 499 1478 bombycibus)
531 1424 623 1480 coyi
650 1423 729 1465 rel.

697 1547 761 1595 83
784 1569 836 1591 =
854 1547 935 1609 21,
953 1549 1034 1597 28.
1633 1564 1715 1607 202

196 1649 302 1712 Age
333 1645 537 1695 firmitas
569 1648 788 1711 quando
826 1649 1165 1714 rumpentibus
1202 1650 1376 1699 ventis·

240 1758 302 1799 Ita
342 1757 487 1800 RTdr.
528 1757 805 1813 Recipienda
842 1767 913 1801 est
950 1759 1109 1804 Dalec.
1157 1763 1381 1815 scriptura
1424 1767 1608 1822 quiante,

129 1836 210 1877 sed
259 1837 527 1878 servandum
572 1836 868 1892 rumpentibus
909 1838 1026 1893 quod
1071 1838 1145 1880 ille
1185 1839 1226 1879 in
1272 1838 1611 1894 irrumpentibus

130 1922 388 1956 mutaverat.
454 1914 572 1956 Idem
604 1922 672 1956 est
700 1915 814 1956 enim
845 1915 963 1970 quod
995 1929 1237 1971 „rumpere
1268 1919 1580 1960 conantibus&

695 2025 761 2074 88
784 2050 830 2069 =
852 2027 933 2089 25,
959 2027 1039 2075 30.
1634 2036 1717 2078 203

195 2144 435 2177 venenum
472 2125 694 2174 omnibus
724 2127 1128 2193 (scorpionibus)
1167 2128 1328 2177 medio
1363 2128 1460 2191 die,
1499 2147 1609 2179 cum

194 2217 495 2265 incanduere
533 2215 649 2264 solis
689 2216 974 2277 ardoribus,
1020 2216 1235 2283 itemque
1275 2236 1385 2267 cum
1421 2220 1609 2282 sitiunt,

194 2308 501 2372 inexplebili
531 2315 666 2372 potu.

240 2409 403 2451 Ultima
433 2406 654 2448 vocabula
685 2418 822 2449 sensu
855 2414 1031 2448 carent:
1063 2421 1209 2464 neque
1232 2409 1345 2450 enim
1363 2416 1496 2463 potus
1526 2410 1609 2452 sed

128 2488 222 2529 sitis
266 2485 544 2540 inexplebilis
585 2493 667 2527 est.
744 2484 854 2526 Cod.
884 2484 925 2525 R
961 2484 1095 2527 habet
1141 2485 1397 2542 inexplebile
1432 2494 1606 2543 pomus,

128 2568 255 2610 Unde
290 2566 523 2621 legendum
556 2578 660 2606 esse
691 2565 904 2607 arbitror:

503 2658 598 2684 cum
627 2644 782 2684 siliunt
812 2642 1086 2699 inexplebile
1110 2649 1228 2700 polu,

128 2725 186 2765 ita
223 2732 270 2765 ut
310 2738 391 2779 pro
429 2724 640 2766 adverbio
680 2724 860 2766 Graeca
898 2730 1120 2766 structura
1161 2730 1362 2765 neutrum
1403 2724 1609 2768 adiectivi

128 2809 388 2858 usurpatum
421 2802 490 2843 sit.

1243 2878 1293 2921 11
1308 2880 1328 2901 *
