<?xml version="1.0" encoding="UTF-8"?>
<!DOCTYPE html PUBLIC "-//W3C//DTD XHTML 1.0 Transitional//EN"
    "http://www.w3.org/TR/xhtml1/DTD/xhtml1-transitional.dtd">
<html xmlns="http://www.w3.org/1999/xhtml" xml:lang="en" lang="en">
 <head>
  <title>
</title>
<meta http-equiv="Content-Type" content="text/html;charset=utf-8" />
  <meta name='ocr-system' content='tesseract 3.04.00' />
  <meta name='ocr-capabilities' content='ocr_page ocr_carea ocr_par ocr_line ocrx_word'/>
</head>
<body>
  <div class='ocr_page' id='page_1' title='image "./vindiciaeplinian00urliuoft_0408.png"; bbox 0 0 1914 3237; ppageno 0'>
   <div class='ocr_carea' id='block_1_1' title="bbox 315 138 1231 181">
    <p class='ocr_par' dir='ltr' id='par_1_1' title="bbox 315 138 1231 181">
     <span class='ocr_line' id='line_1_1' title="bbox 315 138 1231 181; baseline -0.002 -1"><span class='ocrx_word' id='word_1_1' title='bbox 315 138 397 181; x_wconf 83' lang='lat'>208</span> <span class='ocrx_word' id='word_1_2' title='bbox 876 139 991 179; x_wconf 82' lang='lat' dir='ltr'>Liber</span> <span class='ocrx_word' id='word_1_3' title='bbox 1020 140 1231 179; x_wconf 83' lang='lat' dir='ltr'><em>XXXIII.</em></span> 
     </span>
    </p>
   </div>
   <div class='ocr_carea' id='block_1_2' title="bbox 202 267 1776 1397">
    <p class='ocr_par' dir='ltr' id='par_1_2' title="bbox 202 267 1776 482">
     <span class='ocr_line' id='line_1_2' title="bbox 315 267 1776 312; baseline 0.002 -3"><span class='ocrx_word' id='word_1_4' title='bbox 315 267 438 309; x_wconf 83' lang='lat' dir='ltr'><strong>codd.</strong></span> <span class='ocrx_word' id='word_1_5' title='bbox 469 276 505 307; x_wconf 85' lang='lat' dir='ltr'>et</span> <span class='ocrx_word' id='word_1_6' title='bbox 535 280 675 307; x_wconf 77' lang='lat' dir='ltr'>aurum</span> <span class='ocrx_word' id='word_1_7' title='bbox 705 272 730 310; x_wconf 73' lang='lat' dir='ltr'>i.</span> <span class='ocrx_word' id='word_1_8' title='bbox 765 282 801 310; x_wconf 86' lang='grc' dir='ltr'>α.</span> <span class='ocrx_word' id='word_1_9' title='bbox 834 281 866 308; x_wconf 86' lang='lat' dir='ltr'>e.</span> <span class='ocrx_word' id='word_1_10' title='bbox 899 267 1176 310; x_wconf 86' lang='lat' dir='ltr'>Scribendum</span> <span class='ocrx_word' id='word_1_11' title='bbox 1208 267 1394 310; x_wconf 89' lang='lat' dir='ltr'>videtur:</span> <span class='ocrx_word' id='word_1_12' title='bbox 1434 282 1570 310; x_wconf 80' lang='lat' dir='ltr'>earum</span> <span class='ocrx_word' id='word_1_13' title='bbox 1601 275 1677 311; x_wconf 76' lang='lat' dir='ltr'>iam</span> <span class='ocrx_word' id='word_1_14' title='bbox 1709 285 1776 312; x_wconf 86' lang='lat' dir='ltr'>ac-</span> 
     </span>
     <span class='ocr_line' id='line_1_3' title="bbox 315 349 708 387; baseline 0.003 -1"><span class='ocrx_word' id='word_1_15' title='bbox 315 349 439 386; x_wconf 80' lang='lat' dir='ltr'><em>cessio</em></span> <span class='ocrx_word' id='word_1_16' title='bbox 469 353 526 385; x_wconf 78' lang='lat' dir='ltr'>es!</span> <span class='ocrx_word' id='word_1_17' title='bbox 555 360 708 387; x_wconf 70' lang='lat' dir='ltr'>aarum.</span> 
     </span>
     <span class='ocr_line' id='line_1_4' title="bbox 202 419 1159 482; baseline 0.001 -10"><span class='ocrx_word' id='word_1_18' title='bbox 202 419 282 463; x_wconf 71' lang='lat'>725</span> <span class='ocrx_word' id='word_1_19' title='bbox 919 427 975 472; x_wconf 79' lang='grc'>31</span> <span class='ocrx_word' id='word_1_20' title='bbox 998 441 1051 460; x_wconf 91' lang='lat'><strong><em>=</em></strong></span> <span class='ocrx_word' id='word_1_21' title='bbox 1067 428 1159 482; x_wconf 77' lang='grc'><strong>2,7.</strong></span> 
     </span>
    </p>

    <p class='ocr_par' dir='ltr' id='par_1_3' title="bbox 373 510 1776 926">
     <span class='ocr_line' id='line_1_5' title="bbox 377 510 1776 576; baseline 0.002 -18"><span class='ocrx_word' id='word_1_22' title='bbox 377 510 612 559; x_wconf 82' lang='lat' dir='ltr'>Decuriae</span> <span class='ocrx_word' id='word_1_23' title='bbox 650 525 847 574; x_wconf 90' lang='lat' dir='ltr'>quoque</span> <span class='ocrx_word' id='word_1_24' title='bbox 895 512 1030 575; x_wconf 80' lang='lat' dir='ltr'>ipsae</span> <span class='ocrx_word' id='word_1_25' title='bbox 1078 510 1297 576; x_wconf 83' lang='lat' dir='ltr'>pluribus</span> <span class='ocrx_word' id='word_1_26' title='bbox 1345 511 1585 560; x_wconf 75' lang='lat' dir='ltr'>discretae</span> <span class='ocrx_word' id='word_1_27' title='bbox 1623 513 1776 561; x_wconf 90' lang='lat' dir='ltr'>nomi-</span> 
     </span>
     <span class='ocr_line' id='line_1_6' title="bbox 377 597 1773 656; baseline 0.001 -10"><span class='ocrx_word' id='word_1_28' title='bbox 377 598 518 646; x_wconf 84' lang='lat' dir='ltr'>nibus</span> <span class='ocrx_word' id='word_1_29' title='bbox 554 598 711 656; x_wconf 85' lang='lat' dir='ltr'>fuere,</span> <span class='ocrx_word' id='word_1_30' title='bbox 766 598 1066 648; x_wconf 86' lang='lat' dir='ltr'>tribunorum</span> <span class='ocrx_word' id='word_1_31' title='bbox 1101 599 1226 647; x_wconf 89' lang='lat' dir='ltr'>aeris</span> <span class='ocrx_word' id='word_1_32' title='bbox 1280 603 1327 647; x_wconf 90' lang='lat' dir='ltr'>et</span> <span class='ocrx_word' id='word_1_33' title='bbox 1379 597 1673 648; x_wconf 88' lang='lat' dir='ltr'>selectorum</span> <span class='ocrx_word' id='word_1_34' title='bbox 1728 607 1773 648; x_wconf 87' lang='lat' dir='ltr'>et</span> 
     </span>
     <span class='ocr_line' id='line_1_7' title="bbox 373 684 1774 750; baseline 0.001 -16"><span class='ocrx_word' id='word_1_35' title='bbox 373 686 601 735; x_wconf 87' lang='lat' dir='ltr'>iudicum.</span> <span class='ocrx_word' id='word_1_36' title='bbox 672 684 871 734; x_wconf 80' lang='lat' dir='ltr'>Praeter</span> <span class='ocrx_word' id='word_1_37' title='bbox 910 685 1003 736; x_wconf 90' lang='lat' dir='ltr'>hos</span> <span class='ocrx_word' id='word_1_38' title='bbox 1049 686 1307 735; x_wconf 82' lang='lat' dir='ltr'>etiamnum</span> <span class='ocrx_word' id='word_1_39' title='bbox 1346 687 1582 750; x_wconf 78' lang='lat' dir='ltr'>nongenti</span> <span class='ocrx_word' id='word_1_40' title='bbox 1629 701 1774 736; x_wconf 90' lang='lat' dir='ltr'>voca-</span> 
     </span>
     <span class='ocr_line' id='line_1_8' title="bbox 378 773 1775 832; baseline 0.001 -10"><span class='ocrx_word' id='word_1_41' title='bbox 378 775 572 832; x_wconf 87' lang='lat' dir='ltr'>bantur,</span> <span class='ocrx_word' id='word_1_42' title='bbox 633 789 693 822; x_wconf 82' lang='lat' dir='ltr'>ex</span> <span class='ocrx_word' id='word_1_43' title='bbox 731 773 955 823; x_wconf 87' lang='lat' dir='ltr'>omnibus</span> <span class='ocrx_word' id='word_1_44' title='bbox 1007 773 1151 822; x_wconf 90' lang='lat' dir='ltr'>electi</span> <span class='ocrx_word' id='word_1_45' title='bbox 1187 774 1250 822; x_wconf 87' lang='lat' dir='ltr'>ad</span> <span class='ocrx_word' id='word_1_46' title='bbox 1288 773 1638 824; x_wconf 82' lang='lat' dir='ltr'>custodiendas</span> <span class='ocrx_word' id='word_1_47' title='bbox 1676 777 1775 823; x_wconf 78' lang='lat' dir='ltr'>suf-</span> 
     </span>
     <span class='ocr_line' id='line_1_9' title="bbox 375 857 1207 926; baseline 0.002 -16"><span class='ocrx_word' id='word_1_48' title='bbox 375 862 638 926; x_wconf 77' lang='lat' dir='ltr'>fragiorum</span> <span class='ocrx_word' id='word_1_49' title='bbox 680 861 827 910; x_wconf 86' lang='lat' dir='ltr'>cistas</span> <span class='ocrx_word' id='word_1_50' title='bbox 865 859 928 914; x_wconf 77' lang='lat' dir='ltr'>[in</span> <span class='ocrx_word' id='word_1_51' title='bbox 967 857 1207 913; x_wconf 78' lang='lat' dir='ltr'>comitiisi.</span> 
     </span>
    </p>

    <p class='ocr_par' dir='ltr' id='par_1_4' title="bbox 306 949 1773 1397">
     <span class='ocr_line' id='line_1_10' title="bbox 418 949 1772 1004; baseline 0 -13"><span class='ocrx_word' id='word_1_52' title='bbox 418 950 467 990; x_wconf 91' lang='lat' dir='ltr'>In</span> <span class='ocrx_word' id='word_1_53' title='bbox 497 950 589 991; x_wconf 89' lang='lat' dir='ltr'>loco</span> <span class='ocrx_word' id='word_1_54' title='bbox 623 949 888 1002; x_wconf 84' lang='lat' dir='ltr'>difficillimo,</span> <span class='ocrx_word' id='word_1_55' title='bbox 936 963 1017 1004; x_wconf 91' lang='lat' dir='ltr'>quo</span> <span class='ocrx_word' id='word_1_56' title='bbox 1049 949 1101 990; x_wconf 91' lang='lat' dir='ltr'>de</span> <span class='ocrx_word' id='word_1_57' title='bbox 1133 949 1351 1004; x_wconf 85' lang='lat' dir='ltr'>eleganter</span> <span class='ocrx_word' id='word_1_58' title='bbox 1382 949 1588 1004; x_wconf 84' lang='lat' dir='ltr'>Bergkius</span> <span class='ocrx_word' id='word_1_59' title='bbox 1629 950 1670 990; x_wconf 89' lang='lat' dir='ltr'>in</span> <span class='ocrx_word' id='word_1_60' title='bbox 1701 964 1772 991; x_wconf 86' lang='lat' dir='ltr'>ex-</span> 
     </span>
     <span class='ocr_line' id='line_1_11' title="bbox 310 1026 1773 1083; baseline 0.001 -15"><span class='ocrx_word' id='word_1_61' title='bbox 310 1028 445 1069; x_wconf 88' lang='lat' dir='ltr'>ercitt.</span> <span class='ocrx_word' id='word_1_62' title='bbox 477 1028 586 1068; x_wconf 87' lang='lat' dir='ltr'>Plin.</span> <span class='ocrx_word' id='word_1_63' title='bbox 616 1027 668 1068; x_wconf 90' lang='lat' dir='ltr'>II.</span> <span class='ocrx_word' id='word_1_64' title='bbox 699 1041 739 1082; x_wconf 84' lang='lat' dir='ltr'>p.</span> <span class='ocrx_word' id='word_1_65' title='bbox 770 1026 831 1067; x_wconf 92' lang='lat' dir='ltr'>IV</span> <span class='ocrx_word' id='word_1_66' title='bbox 862 1027 961 1081; x_wconf 83' lang='lat' dir='ltr'>egit,</span> <span class='ocrx_word' id='word_1_67' title='bbox 991 1026 1147 1067; x_wconf 82' lang='lat' dir='ltr'>diutius</span> <span class='ocrx_word' id='word_1_68' title='bbox 1177 1027 1391 1068; x_wconf 87' lang='lat' dir='ltr'>immorari</span> <span class='ocrx_word' id='word_1_69' title='bbox 1427 1027 1522 1068; x_wconf 91' lang='lat' dir='ltr'>nolo</span> <span class='ocrx_word' id='word_1_70' title='bbox 1560 1041 1773 1083; x_wconf 91' lang='lat' dir='ltr'>unumque</span> 
     </span>
     <span class='ocr_line' id='line_1_12' title="bbox 310 1104 1771 1162; baseline 0.001 -16"><span class='ocrx_word' id='word_1_71' title='bbox 310 1105 570 1162; x_wconf 80' lang='lat' dir='ltr'>significasse</span> <span class='ocrx_word' id='word_1_72' title='bbox 619 1106 722 1146; x_wconf 82' lang='lat' dir='ltr'>satis</span> <span class='ocrx_word' id='word_1_73' title='bbox 772 1104 932 1146; x_wconf 86' lang='lat' dir='ltr'>habeo:</span> <span class='ocrx_word' id='word_1_74' title='bbox 992 1110 1300 1160; x_wconf 85' lang='lat' dir='ltr'>nongentorum</span> <span class='ocrx_word' id='word_1_75' title='bbox 1343 1105 1506 1145; x_wconf 89' lang='lat' dir='ltr'>illorum</span> <span class='ocrx_word' id='word_1_76' title='bbox 1547 1105 1771 1161; x_wconf 87' lang='lat' dir='ltr'>quodquod</span> 
     </span>
     <span class='ocr_line' id='line_1_13' title="bbox 308 1182 1770 1238; baseline -0.001 -12"><span class='ocrx_word' id='word_1_77' title='bbox 308 1198 459 1226; x_wconf 84' lang='lat' dir='ltr'>munus</span> <span class='ocrx_word' id='word_1_78' title='bbox 490 1183 620 1224; x_wconf 84' lang='lat' dir='ltr'>fuisse</span> <span class='ocrx_word' id='word_1_79' title='bbox 651 1183 856 1236; x_wconf 85' lang='lat' dir='ltr'>videatur,</span> <span class='ocrx_word' id='word_1_80' title='bbox 888 1182 941 1223; x_wconf 87' lang='lat' dir='ltr'>ad</span> <span class='ocrx_word' id='word_1_81' title='bbox 972 1183 1126 1224; x_wconf 87' lang='lat' dir='ltr'>iudicia</span> <span class='ocrx_word' id='word_1_82' title='bbox 1157 1184 1246 1224; x_wconf 82' lang='lat' dir='ltr'>sola</span> <span class='ocrx_word' id='word_1_83' title='bbox 1275 1183 1429 1224; x_wconf 84' lang='lat' dir='ltr'>referri.</span> <span class='ocrx_word' id='word_1_84' title='bbox 1458 1183 1609 1238; x_wconf 84' lang='lat' dir='ltr'>Itaque</span> <span class='ocrx_word' id='word_1_85' title='bbox 1641 1197 1770 1224; x_wconf 86' lang='lat' dir='ltr'>anno-</span> 
     </span>
     <span class='ocr_line' id='line_1_14' title="bbox 308 1260 1771 1316; baseline -0.001 -12"><span class='ocrx_word' id='word_1_86' title='bbox 308 1263 467 1304; x_wconf 82' lang='lat' dir='ltr'>tatione</span> <span class='ocrx_word' id='word_1_87' title='bbox 499 1261 611 1302; x_wconf 89' lang='lat' dir='ltr'>docti</span> <span class='ocrx_word' id='word_1_88' title='bbox 640 1261 750 1302; x_wconf 83' lang='lat' dir='ltr'>illius</span> <span class='ocrx_word' id='word_1_89' title='bbox 781 1262 1045 1316; x_wconf 78' lang='lat' dir='ltr'>grammatici</span> <span class='ocrx_word' id='word_1_90' title='bbox 1083 1262 1153 1316; x_wconf 92' lang='lat' dir='ltr'>qui</span> <span class='ocrx_word' id='word_1_91' title='bbox 1182 1262 1431 1304; x_wconf 88' lang='lat' dir='ltr'>iudiciorum</span> <span class='ocrx_word' id='word_1_92' title='bbox 1476 1260 1673 1301; x_wconf 79' lang='lat' dir='ltr'>custodes</span> <span class='ocrx_word' id='word_1_93' title='bbox 1704 1275 1771 1302; x_wconf 89' lang='lat' dir='ltr'>co·</span> 
     </span>
     <span class='ocr_line' id='line_1_15' title="bbox 306 1339 1771 1397; baseline -0.002 -15"><span class='ocrx_word' id='word_1_94' title='bbox 306 1342 603 1395; x_wconf 75' lang='lat' dir='ltr'>mitior-umque</span> <span class='ocrx_word' id='word_1_95' title='bbox 633 1339 908 1394; x_wconf 86' lang='lat' dir='ltr'>permutavit,</span> <span class='ocrx_word' id='word_1_96' title='bbox 941 1345 1154 1397; x_wconf 86' lang='lat' dir='ltr'>expuncta</span> <span class='ocrx_word' id='word_1_97' title='bbox 1183 1353 1236 1380; x_wconf 88' lang='lat' dir='ltr'>ex</span> <span class='ocrx_word' id='word_1_98' title='bbox 1266 1339 1459 1380; x_wconf 88' lang='lat' dir='ltr'>omnibus</span> <span class='ocrx_word' id='word_1_99' title='bbox 1486 1339 1667 1380; x_wconf 91' lang='lat' dir='ltr'>iudicum</span> <span class='ocrx_word' id='word_1_100' title='bbox 1700 1339 1771 1380; x_wconf 89' lang='lat' dir='ltr'>de-</span> 
     </span>
    </p>
   </div>
   <div class='ocr_carea' id='block_1_3' title="bbox 306 1417 1770 1551">
    <p class='ocr_par' dir='ltr' id='par_1_5' title="bbox 306 1417 1770 1551">
     <span class='ocr_line' id='line_1_16' title="bbox 306 1417 1770 1473; baseline -0.001 -14"><span class='ocrx_word' id='word_1_101' title='bbox 306 1420 431 1460; x_wconf 83' lang='lat' dir='ltr'>curiis</span> <span class='ocrx_word' id='word_1_102' title='bbox 464 1423 701 1473; x_wconf 83' lang='lat' dir='ltr'>nongentos</span> <span class='ocrx_word' id='word_1_103' title='bbox 742 1418 898 1458; x_wconf 77' lang='lat' dir='ltr'>electos</span> <span class='ocrx_word' id='word_1_104' title='bbox 937 1432 1031 1459; x_wconf 83' lang='lat' dir='ltr'>esse</span> <span class='ocrx_word' id='word_1_105' title='bbox 1062 1418 1276 1471; x_wconf 82' lang='lat' dir='ltr'>existimo,</span> <span class='ocrx_word' id='word_1_106' title='bbox 1315 1430 1338 1457; x_wconf 90' lang='lat' dir='ltr'>e</span> <span class='ocrx_word' id='word_1_107' title='bbox 1375 1417 1526 1472; x_wconf 87' lang='lat' dir='ltr'>quibus</span> <span class='ocrx_word' id='word_1_108' title='bbox 1566 1422 1770 1472; x_wconf 86' lang='lat' dir='ltr'>quotquot</span> 
     </span>
     <span class='ocr_line' id='line_1_17' title="bbox 306 1495 1769 1551; baseline -0.002 -13"><span class='ocrx_word' id='word_1_109' title='bbox 306 1498 360 1538; x_wconf 84' lang='lat' dir='ltr'>ad</span> <span class='ocrx_word' id='word_1_110' title='bbox 414 1497 582 1551; x_wconf 86' lang='lat' dir='ltr'>singula</span> <span class='ocrx_word' id='word_1_111' title='bbox 633 1496 788 1537; x_wconf 89' lang='lat' dir='ltr'>iudicia</span> <span class='ocrx_word' id='word_1_112' title='bbox 837 1497 990 1551; x_wconf 81' lang='lat' dir='ltr'>requiri</span> <span class='ocrx_word' id='word_1_113' title='bbox 1042 1496 1284 1537; x_wconf 87' lang='lat' dir='ltr'>viderentur</span> <span class='ocrx_word' id='word_1_114' title='bbox 1329 1498 1526 1536; x_wconf 80' lang='lat' dir='ltr'>cistarum</span> <span class='ocrx_word' id='word_1_115' title='bbox 1572 1495 1769 1536; x_wconf 78' lang='lat' dir='ltr'>custodes</span> 
     </span>
    </p>
   </div>
   <div class='ocr_carea' id='block_1_4' title="bbox 306 1574 1769 1708">
    <p class='ocr_par' dir='ltr' id='par_1_6' title="bbox 306 1574 1769 1708">
     <span class='ocr_line' id='line_1_18' title="bbox 306 1574 829 1616; baseline -0.008 0"><span class='ocrx_word' id='word_1_116' title='bbox 306 1574 497 1616; x_wconf 86' lang='lat' dir='ltr'>adhiberi</span> <span class='ocrx_word' id='word_1_117' title='bbox 520 1574 829 1615; x_wconf 79' lang='lat' dir='ltr'>consueverint.</span> 
     </span>
     <span class='ocr_line' id='line_1_19' title="bbox 415 1652 1769 1708; baseline -0.004 -12"><span class='ocrx_word' id='word_1_118' title='bbox 415 1654 450 1707; x_wconf 66' lang='grc' dir='ltr'>ἓ.</span> <span class='ocrx_word' id='word_1_119' title='bbox 481 1653 535 1695; x_wconf 85' lang='grc'>40</span> <span class='ocrx_word' id='word_1_120' title='bbox 566 1652 678 1708; x_wconf 89' lang='lat' dir='ltr'>quod</span> <span class='ocrx_word' id='word_1_121' title='bbox 709 1653 944 1693; x_wconf 85' lang='lat' dir='ltr'>sententiae</span> <span class='ocrx_word' id='word_1_122' title='bbox 975 1652 1097 1693; x_wconf 86' lang='lat' dir='ltr'>unice</span> <span class='ocrx_word' id='word_1_123' title='bbox 1129 1656 1274 1707; x_wconf 88' lang='lat' dir='ltr'>aptum</span> <span class='ocrx_word' id='word_1_124' title='bbox 1306 1657 1391 1703; x_wconf 82' lang='lat' dir='ltr'>est,</span> <span class='ocrx_word' id='word_1_125' title='bbox 1425 1664 1527 1691; x_wconf 76' lang='lat' dir='ltr'>auro</span> <span class='ocrx_word' id='word_1_126' title='bbox 1558 1656 1698 1692; x_wconf 80' lang='lat' dir='ltr'>exstat.</span> <span class='ocrx_word' id='word_1_127' title='bbox 1729 1652 1769 1692; x_wconf 89' lang='lat' dir='ltr'>in</span> 
     </span>
    </p>
   </div>
   <div class='ocr_carea' id='block_1_5' title="bbox 195 1731 1772 2303">
    <p class='ocr_par' dir='ltr' id='par_1_7' title="bbox 195 1731 1772 2303">
     <span class='ocr_line' id='line_1_20' title="bbox 305 1731 574 1774; baseline -0.011 -1"><span class='ocrx_word' id='word_1_128' title='bbox 305 1732 394 1774; x_wconf 93' lang='lat' dir='ltr'>cod.</span> <span class='ocrx_word' id='word_1_129' title='bbox 427 1731 574 1772; x_wconf 85' lang='lat' dir='ltr'>Bamb.</span> 
     </span>
     <span class='ocr_line' id='line_1_21' title="bbox 195 1810 1335 1870; baseline -0.004 -8"><span class='ocrx_word' id='word_1_130' title='bbox 195 1820 275 1863; x_wconf 78' lang='lat'>727</span> <span class='ocrx_word' id='word_1_131' title='bbox 734 1812 986 1868; x_wconf 81' lang='lat'><strong>58:3,19</strong></span> <span class='ocrx_word' id='word_1_132' title='bbox 1043 1810 1132 1870; x_wconf 90' lang='lat' dir='ltr'>(de</span> <span class='ocrx_word' id='word_1_133' title='bbox 1169 1812 1335 1869; x_wconf 86' lang='lat' dir='ltr'>auro).</span> 
     </span>
     <span class='ocr_line' id='line_1_22' title="bbox 371 1896 1772 1961; baseline -0.001 -16"><span class='ocrx_word' id='word_1_134' title='bbox 371 1896 690 1961; x_wconf 87' lang='lat' dir='ltr'>Praecipuam</span> <span class='ocrx_word' id='word_1_135' title='bbox 726 1897 930 1961; x_wconf 79' lang='lat' dir='ltr'>gratiam</span> <span class='ocrx_word' id='word_1_136' title='bbox 967 1897 1080 1946; x_wconf 86' lang='lat' dir='ltr'>huic</span> <span class='ocrx_word' id='word_1_137' title='bbox 1113 1898 1341 1947; x_wconf 86' lang='lat' dir='ltr'>materiae</span> <span class='ocrx_word' id='word_1_138' title='bbox 1380 1897 1529 1946; x_wconf 85' lang='lat' dir='ltr'>fuisse</span> <span class='ocrx_word' id='word_1_139' title='bbox 1568 1896 1772 1946; x_wconf 85' lang='lat' dir='ltr'>arbitror</span> 
     </span>
     <span class='ocr_line' id='line_1_23' title="bbox 373 1984 1769 2049; baseline -0.001 -16"><span class='ocrx_word' id='word_1_140' title='bbox 373 2000 468 2034; x_wconf 93' lang='lat' dir='ltr'>non</span> <span class='ocrx_word' id='word_1_141' title='bbox 506 1984 695 2044; x_wconf 87' lang='lat' dir='ltr'>colore,</span> <span class='ocrx_word' id='word_1_142' title='bbox 749 1986 831 2049; x_wconf 91' lang='lat' dir='ltr'>qui</span> <span class='ocrx_word' id='word_1_143' title='bbox 868 1984 1043 2034; x_wconf 89' lang='lat' dir='ltr'>clarior</span> <span class='ocrx_word' id='word_1_144' title='bbox 1078 1984 1123 2031; x_wconf 90' lang='lat' dir='ltr'>in</span> <span class='ocrx_word' id='word_1_145' title='bbox 1161 1990 1365 2049; x_wconf 81' lang='lat' dir='ltr'>argento</span> <span class='ocrx_word' id='word_1_146' title='bbox 1405 1990 1479 2034; x_wconf 84' lang='lat' dir='ltr'>est</span> <span class='ocrx_word' id='word_1_147' title='bbox 1515 1985 1769 2048; x_wconf 80' lang='lat' dir='ltr'>magisque</span> 
     </span>
     <span class='ocr_line' id='line_1_24' title="bbox 372 2071 1768 2137; baseline -0.001 -17"><span class='ocrx_word' id='word_1_148' title='bbox 372 2073 468 2121; x_wconf 82' lang='lat' dir='ltr'>diei</span> <span class='ocrx_word' id='word_1_149' title='bbox 521 2072 719 2131; x_wconf 88' lang='lat' dir='ltr'>similis,</span> <span class='ocrx_word' id='word_1_150' title='bbox 772 2073 886 2122; x_wconf 88' lang='lat' dir='ltr'>ideo</span> <span class='ocrx_word' id='word_1_151' title='bbox 939 2071 1224 2122; x_wconf 83' lang='lat' dir='ltr'>militaribus</span> <span class='ocrx_word' id='word_1_152' title='bbox 1267 2073 1422 2137; x_wconf 85' lang='lat' dir='ltr'>signis</span> <span class='ocrx_word' id='word_1_153' title='bbox 1479 2072 1768 2129; x_wconf 81' lang='lat' dir='ltr'>familiarior,</span> 
     </span>
     <span class='ocr_line' id='line_1_25' title="bbox 367 2160 1068 2225; baseline 0 -16"><span class='ocrx_word' id='word_1_154' title='bbox 367 2161 611 2224; x_wconf 85' lang='lat' dir='ltr'>[quoniam</span> <span class='ocrx_word' id='word_1_155' title='bbox 648 2161 844 2225; x_wconf 83' lang='lat' dir='ltr'>longius</span> <span class='ocrx_word' id='word_1_156' title='bbox 880 2160 1068 2224; x_wconf 80' lang='lat' dir='ltr'>fulget].</span> 
     </span>
     <span class='ocr_line' id='line_1_26' title="bbox 413 2248 1767 2303; baseline -0.001 -14"><span class='ocrx_word' id='word_1_157' title='bbox 413 2248 607 2289; x_wconf 81' lang='lat' dir='ltr'>Colorem</span> <span class='ocrx_word' id='word_1_158' title='bbox 639 2248 856 2289; x_wconf 86' lang='lat' dir='ltr'>clariorem</span> <span class='ocrx_word' id='word_1_159' title='bbox 888 2249 1053 2303; x_wconf 86' lang='lat' dir='ltr'>argenti</span> <span class='ocrx_word' id='word_1_160' title='bbox 1084 2262 1255 2290; x_wconf 83' lang='lat' dir='ltr'>causam</span> <span class='ocrx_word' id='word_1_161' title='bbox 1286 2261 1381 2289; x_wconf 84' lang='lat' dir='ltr'>esse</span> <span class='ocrx_word' id='word_1_162' title='bbox 1412 2261 1485 2288; x_wconf 88' lang='lat' dir='ltr'>cur</span> <span class='ocrx_word' id='word_1_163' title='bbox 1516 2248 1767 2289; x_wconf 72' lang='lat' dir='ltr'>militaribus</span> 
     </span>
    </p>
   </div>
   <div class='ocr_carea' id='block_1_6' title="bbox 302 2325 1767 2461">
    <p class='ocr_par' dir='ltr' id='par_1_8' title="bbox 302 2325 1767 2461">
     <span class='ocr_line' id='line_1_27' title="bbox 302 2325 1767 2381; baseline -0.001 -14"><span class='ocrx_word' id='word_1_164' title='bbox 302 2328 433 2381; x_wconf 83' lang='lat' dir='ltr'>signis</span> <span class='ocrx_word' id='word_1_165' title='bbox 464 2326 749 2379; x_wconf 82' lang='lat' dir='ltr'>adhiberetur,</span> <span class='ocrx_word' id='word_1_166' title='bbox 781 2327 865 2368; x_wconf 85' lang='lat' dir='ltr'>iam</span> <span class='ocrx_word' id='word_1_167' title='bbox 897 2326 1055 2368; x_wconf 89' lang='lat' dir='ltr'>dictum</span> <span class='ocrx_word' id='word_1_168' title='bbox 1086 2330 1196 2379; x_wconf 81' lang='lat' dir='ltr'>erat3</span> <span class='ocrx_word' id='word_1_169' title='bbox 1228 2338 1336 2381; x_wconf 85' lang='lat' dir='ltr'>quae</span> <span class='ocrx_word' id='word_1_170' title='bbox 1367 2325 1645 2380; x_wconf 85' lang='lat' dir='ltr'>insequuntur</span> <span class='ocrx_word' id='word_1_171' title='bbox 1664 2326 1767 2367; x_wconf 82' lang='lat' dir='ltr'>nihil</span> 
     </span>
     <span class='ocr_line' id='line_1_28' title="bbox 303 2405 1185 2461; baseline 0.001 -17"><span class='ocrx_word' id='word_1_172' title='bbox 303 2411 399 2445; x_wconf 82' lang='lat' dir='ltr'>sunt</span> <span class='ocrx_word' id='word_1_173' title='bbox 431 2405 510 2444; x_wconf 81' lang='lat' dir='ltr'>nisi</span> <span class='ocrx_word' id='word_1_174' title='bbox 542 2405 685 2459; x_wconf 81' lang='lat' dir='ltr'>glossa</span> <span class='ocrx_word' id='word_1_175' title='bbox 716 2418 738 2446; x_wconf 91' lang='lat' dir='ltr'>e</span> <span class='ocrx_word' id='word_1_176' title='bbox 769 2407 961 2461; x_wconf 84' lang='lat' dir='ltr'>margine</span> <span class='ocrx_word' id='word_1_177' title='bbox 993 2405 1185 2460; x_wconf 86' lang='lat' dir='ltr'>repetita.</span> 
     </span>
    </p>
   </div>
   <div class='ocr_carea' id='block_1_7' title="bbox 192 2505 1764 2837">
    <p class='ocr_par' dir='ltr' id='par_1_9' title="bbox 192 2505 1764 2837">
     <span class='ocr_line' id='line_1_29' title="bbox 192 2505 1202 2557; baseline -0.005 2"><span class='ocrx_word' id='word_1_178' title='bbox 192 2505 272 2548; x_wconf 74' lang='lat'>&#39;728</span> <span class='ocrx_word' id='word_1_179' title='bbox 851 2512 911 2557; x_wconf 87' lang='lat'>59</span> <span class='ocrx_word' id='word_1_180' title='bbox 930 2506 1202 2556; x_wconf 72' lang='lat' dir='ltr'>:ibidem</span> 
     </span>
     <span class='ocr_line' id='line_1_30' title="bbox 368 2593 1764 2660; baseline -0.003 -16"><span class='ocrx_word' id='word_1_181' title='bbox 368 2611 540 2659; x_wconf 86' lang='lat' dir='ltr'>-quo</span> <span class='ocrx_word' id='word_1_182' title='bbox 568 2597 765 2660; x_wconf 87' lang='lat' dir='ltr'>saepius</span> <span class='ocrx_word' id='word_1_183' title='bbox 789 2596 918 2653; x_wconf 80' lang='lat' dir='ltr'>arsit,</span> <span class='ocrx_word' id='word_1_184' title='bbox 955 2594 1145 2660; x_wconf 79' lang='lat' dir='ltr'>proficit</span> <span class='ocrx_word' id='word_1_185' title='bbox 1166 2594 1227 2642; x_wconf 86' lang='lat' dir='ltr'>ad</span> <span class='ocrx_word' id='word_1_186' title='bbox 1251 2593 1527 2651; x_wconf 89' lang='lat' dir='ltr'>bonitatem,</span> <span class='ocrx_word' id='word_1_187' title='bbox 1565 2593 1764 2657; x_wconf 82' lang='lat' dir='ltr'>aurique</span> 
     </span>
     <span class='ocr_line' id='line_1_31' title="bbox 369 2679 1764 2748; baseline -0.003 -16"><span class='ocrx_word' id='word_1_188' title='bbox 369 2684 754 2748; x_wconf 88' lang='lat' dir='ltr'>experimentum</span> <span class='ocrx_word' id='word_1_189' title='bbox 799 2683 926 2748; x_wconf 82' lang='lat' dir='ltr'>ignis</span> <span class='ocrx_word' id='word_1_190' title='bbox 964 2688 1060 2741; x_wconf 85' lang='lat' dir='ltr'>est,</span> <span class='ocrx_word' id='word_1_191' title='bbox 1107 2686 1157 2731; x_wconf 91' lang='lat' dir='ltr'>ut</span> <span class='ocrx_word' id='word_1_192' title='bbox 1192 2680 1332 2731; x_wconf 88' lang='lat' dir='ltr'>simili</span> <span class='ocrx_word' id='word_1_193' title='bbox 1381 2679 1546 2730; x_wconf 88' lang='lat' dir='ltr'>colore</span> <span class='ocrx_word' id='word_1_194' title='bbox 1596 2681 1764 2729; x_wconf 86' lang='lat' dir='ltr'>rubeat</span> 
     </span>
     <span class='ocr_line' id='line_1_32' title="bbox 370 2764 1517 2837; baseline -0.003 -16"><span class='ocrx_word' id='word_1_195' title='bbox 370 2773 717 2837; x_wconf 76' lang='lat' dir='ltr'>ignescatque3</span> <span class='ocrx_word' id='word_1_196' title='bbox 757 2776 805 2822; x_wconf 90' lang='lat' dir='ltr'>et</span> <span class='ocrx_word' id='word_1_197' title='bbox 839 2771 998 2837; x_wconf 88' lang='lat' dir='ltr'>ipsum</span> <span class='ocrx_word' id='word_1_198' title='bbox 1035 2764 1289 2821; x_wconf 75' lang='lat' dir='ltr'>obrussam</span> <span class='ocrx_word' id='word_1_199' title='bbox 1327 2774 1517 2818; x_wconf 86' lang='lat' dir='ltr'>vocant.</span> 
     </span>
    </p>
   </div>
  </div>
 </body>
</html>
