<?xml version="1.0" encoding="UTF-8"?>
<!DOCTYPE html PUBLIC "-//W3C//DTD XHTML 1.0 Transitional//EN"
    "http://www.w3.org/TR/xhtml1/DTD/xhtml1-transitional.dtd">
<html xmlns="http://www.w3.org/1999/xhtml" xml:lang="en" lang="en">
 <head>
  <title>
</title>
<meta http-equiv="Content-Type" content="text/html;charset=utf-8" />
  <meta name='ocr-system' content='tesseract 3.04.00' />
  <meta name='ocr-capabilities' content='ocr_page ocr_carea ocr_par ocr_line ocrx_word'/>
</head>
<body>
  <div class='ocr_page' id='page_1' title='image "./vindiciaeplinian00urliuoft_0404.png"; bbox 0 0 1914 3237; ppageno 0'>
   <div class='ocr_carea' id='block_1_1' title="bbox 169 315 249 357">
    <p class='ocr_par' dir='ltr' id='par_1_1' title="bbox 169 315 249 357">
     <span class='ocr_line' id='line_1_1' title="bbox 169 315 249 357; baseline -0.063 -1"><span class='ocrx_word' id='word_1_1' title='bbox 169 315 249 357; x_wconf 71' lang='grc'><strong>719</strong></span> 
     </span>
    </p>
   </div>
   <div class='ocr_carea' id='block_1_2' title="bbox 176 2121 258 2165">
    <p class='ocr_par' dir='ltr' id='par_1_2' title="bbox 176 2121 258 2165">
     <span class='ocr_line' id='line_1_2' title="bbox 176 2121 258 2165; baseline -0.037 0"><span class='ocrx_word' id='word_1_2' title='bbox 176 2121 258 2165; x_wconf 83' lang='lat'><strong>720</strong></span> 
     </span>
    </p>
   </div>
   <div class='ocr_carea' id='block_1_3' title="bbox 277 149 1177 193">
    <p class='ocr_par' dir='ltr' id='par_1_3' title="bbox 277 149 1177 193">
     <span class='ocr_line' id='line_1_3' title="bbox 277 149 1177 193; baseline -0.003 0"><span class='ocrx_word' id='word_1_3' title='bbox 277 149 359 193; x_wconf 83' lang='lat'><strong>204</strong></span> <span class='ocrx_word' id='word_1_4' title='bbox 835 152 953 191; x_wconf 73' lang='lat' dir='ltr'><strong>Liber</strong></span> <span class='ocrx_word' id='word_1_5' title='bbox 990 151 1177 191; x_wconf 80' lang='lat' dir='ltr'><em>XXXII.</em></span> 
     </span>
    </p>
   </div>
   <div class='ocr_carea' id='block_1_4' title="bbox 279 281 1752 1917">
    <p class='ocr_par' dir='ltr' id='par_1_4' title="bbox 346 281 1691 432">
     <span class='ocr_line' id='line_1_4' title="bbox 573 281 1451 346; baseline -0.002 -14"><span class='ocrx_word' id='word_1_6' title='bbox 573 286 897 341; x_wconf 54' lang='grc'>13621047</span> <span class='ocrx_word' id='word_1_7' title='bbox 961 282 1051 341; x_wconf 78' lang='lat' dir='ltr'><strong>(de</strong></span> <span class='ocrx_word' id='word_1_8' title='bbox 1087 281 1451 346; x_wconf 77' lang='lat' dir='ltr'><strong>sanguisugis).</strong></span> 
     </span>
     <span class='ocr_line' id='line_1_5' title="bbox 346 370 1691 432; baseline -0.001 -14"><span class='ocrx_word' id='word_1_9' title='bbox 346 370 446 430; x_wconf 78' lang='lat' dir='ltr'><strong>{hic</strong></span> <span class='ocrx_word' id='word_1_10' title='bbox 482 370 670 419; x_wconf 78' lang='lat' dir='ltr'><strong>suffitus</strong></span> <span class='ocrx_word' id='word_1_11' title='bbox 708 371 944 419; x_wconf 83' lang='lat' dir='ltr'><strong>urentium</strong></span> <span class='ocrx_word' id='word_1_12' title='bbox 982 386 1065 419; x_wconf 88' lang='lat' dir='ltr'><strong>eas</strong></span> <span class='ocrx_word' id='word_1_13' title='bbox 1098 374 1239 418; x_wconf 80' lang='lat' dir='ltr'><strong>necat</strong></span> <span class='ocrx_word' id='word_1_14' title='bbox 1277 370 1473 419; x_wconf 79' lang='lat' dir='ltr'><strong>cimices</strong></span> <span class='ocrx_word' id='word_1_15' title='bbox 1510 370 1691 432; x_wconf 76' lang='lat' dir='ltr'><strong>unice]</strong></span> 
     </span>
    </p>

    <p class='ocr_par' dir='ltr' id='par_1_5' title="bbox 279 457 1750 1683">
     <span class='ocr_line' id='line_1_6' title="bbox 386 457 1742 513; baseline 0 -15"><span class='ocrx_word' id='word_1_16' title='bbox 386 462 556 498; x_wconf 69' lang='lat' dir='ltr'><strong>invectas</strong></span> <span class='ocrx_word' id='word_1_17' title='bbox 586 458 710 512; x_wconf 83' lang='lat' dir='ltr'><strong>vulgo</strong></span> <span class='ocrx_word' id='word_1_18' title='bbox 742 458 851 499; x_wconf 87' lang='lat' dir='ltr'><strong>male</strong></span> <span class='ocrx_word' id='word_1_19' title='bbox 881 458 966 513; x_wconf 85' lang='lat' dir='ltr'><strong>legi</strong></span> <span class='ocrx_word' id='word_1_20' title='bbox 997 457 1048 498; x_wconf 86' lang='lat' dir='ltr'><strong>ab</strong></span> <span class='ocrx_word' id='word_1_21' title='bbox 1080 457 1183 498; x_wconf 89' lang='lat' dir='ltr'><strong>Iano</strong></span> <span class='ocrx_word' id='word_1_22' title='bbox 1214 458 1471 498; x_wconf 87' lang='lat' dir='ltr'><strong>intellectum</strong></span> <span class='ocrx_word' id='word_1_23' title='bbox 1505 461 1583 509; x_wconf 85' lang='lat' dir='ltr'><strong>est,</strong></span> <span class='ocrx_word' id='word_1_24' title='bbox 1618 457 1688 512; x_wconf 90' lang='lat' dir='ltr'><strong>qui</strong></span> <span class='ocrx_word' id='word_1_25' title='bbox 1719 470 1742 498; x_wconf 91' lang='lat' dir='ltr'><strong>e</strong></span> 
     </span>
     <span class='ocr_line' id='line_1_7' title="bbox 279 535 1743 590; baseline -0.001 -14"><span class='ocrx_word' id='word_1_26' title='bbox 279 536 485 590; x_wconf 87' lang='lat' dir='ltr'><strong>scriptura</strong></span> <span class='ocrx_word' id='word_1_27' title='bbox 515 535 605 576; x_wconf 91' lang='lat' dir='ltr'><strong>cod.</strong></span> <span class='ocrx_word' id='word_1_28' title='bbox 637 535 672 576; x_wconf 92' lang='lat' dir='ltr'>B</span> <span class='ocrx_word' id='word_1_29' title='bbox 704 540 742 575; x_wconf 76' lang='lat' dir='ltr'><strong>m</strong></span> <span class='ocrx_word' id='word_1_30' title='bbox 769 541 852 576; x_wconf 78' lang='lat' dir='ltr'><strong>vice</strong></span> <span class='ocrx_word' id='word_1_31' title='bbox 882 541 966 576; x_wconf 88' lang='lat' dir='ltr'><strong>tres</strong></span> <span class='ocrx_word' id='word_1_32' title='bbox 997 536 1262 576; x_wconf 83' lang='lat' dir='ltr'><strong>coniecturas</strong></span> <span class='ocrx_word' id='word_1_33' title='bbox 1295 535 1457 576; x_wconf 87' lang='lat' dir='ltr'><strong>elicuit:</strong></span> <span class='ocrx_word' id='word_1_34' title='bbox 1488 539 1672 587; x_wconf 73' lang='lat' dir='ltr'><strong>invicem,</strong></span> <span class='ocrx_word' id='word_1_35' title='bbox 1705 539 1743 575; x_wconf 78' lang='lat' dir='ltr'><strong>in</strong></span> 
     </span>
     <span class='ocr_line' id='line_1_8' title="bbox 279 613 1742 668; baseline 0.001 -16"><span class='ocrx_word' id='word_1_36' title='bbox 279 622 398 657; x_wconf 64' lang='lat' dir='ltr'><strong>veste,</strong></span> <span class='ocrx_word' id='word_1_37' title='bbox 445 618 576 661; x_wconf 66' lang='lat' dir='ltr'><strong>mace,-</strong></span> <span class='ocrx_word' id='word_1_38' title='bbox 628 625 883 667; x_wconf 71' lang='lat' dir='ltr'><strong>postremam</strong></span> <span class='ocrx_word' id='word_1_39' title='bbox 923 614 1083 668; x_wconf 87' lang='lat' dir='ltr'><strong>recepit</strong></span> <span class='ocrx_word' id='word_1_40' title='bbox 1127 614 1250 668; x_wconf 87' lang='lat' dir='ltr'><strong>eique</strong></span> <span class='ocrx_word' id='word_1_41' title='bbox 1293 613 1378 654; x_wconf 87' lang='lat' dir='ltr'><strong>Sill.</strong></span> <span class='ocrx_word' id='word_1_42' title='bbox 1422 613 1742 667; x_wconf 85' lang='lat' dir='ltr'><strong>obtemperavit.</strong></span> 
     </span>
     <span class='ocr_line' id='line_1_9' title="bbox 279 690 1744 746; baseline -0.001 -14"><span class='ocrx_word' id='word_1_43' title='bbox 279 691 485 746; x_wconf 81' lang='lat' dir='ltr'><strong>Equidem</strong></span> <span class='ocrx_word' id='word_1_44' title='bbox 516 691 694 746; x_wconf 78' lang='lat' dir='ltr'><strong>primam</strong></span> <span class='ocrx_word' id='word_1_45' title='bbox 726 691 1004 746; x_wconf 73' lang='lat' dir='ltr'><strong>praeferrem,</strong></span> <span class='ocrx_word' id='word_1_46' title='bbox 1049 705 1146 731; x_wconf 87' lang='lat' dir='ltr'><strong>nam</strong></span> <span class='ocrx_word' id='word_1_47' title='bbox 1175 690 1337 731; x_wconf 89' lang='lat' dir='ltr'><strong>XXIX.</strong></span> <span class='ocrx_word' id='word_1_48' title='bbox 1369 690 1422 733; x_wconf 79' lang='lat'><strong>62</strong></span> <span class='ocrx_word' id='word_1_49' title='bbox 1454 690 1596 732; x_wconf 88' lang='lat' dir='ltr'><strong>suffitu</strong></span> <span class='ocrx_word' id='word_1_50' title='bbox 1629 691 1744 731; x_wconf 86' lang='lat' dir='ltr'><strong>cimi-</strong></span> 
     </span>
     <span class='ocr_line' id='line_1_10' title="bbox 280 768 1744 824; baseline -0.001 -14"><span class='ocrx_word' id='word_1_51' title='bbox 280 783 371 810; x_wconf 87' lang='lat' dir='ltr'><strong>cum</strong></span> <span class='ocrx_word' id='word_1_52' title='bbox 404 768 618 809; x_wconf 88' lang='lat' dir='ltr'><strong>hirudines</strong></span> <span class='ocrx_word' id='word_1_53' title='bbox 651 769 764 824; x_wconf 81' lang='lat' dir='ltr'><strong>abigi</strong></span> <span class='ocrx_word' id='word_1_54' title='bbox 795 769 1012 821; x_wconf 83' lang='lat' dir='ltr'><strong>dicuntur,</strong></span> <span class='ocrx_word' id='word_1_55' title='bbox 1057 769 1092 809; x_wconf 88' lang='lat' dir='ltr'><strong>si</strong></span> <span class='ocrx_word' id='word_1_56' title='bbox 1123 782 1206 809; x_wconf 88' lang='lat' dir='ltr'><strong>una</strong></span> <span class='ocrx_word' id='word_1_57' title='bbox 1237 781 1340 809; x_wconf 90' lang='lat' dir='ltr'><strong>voce</strong></span> <span class='ocrx_word' id='word_1_58' title='bbox 1382 773 1544 810; x_wconf 85' lang='lat' dir='ltr'><strong>mutata</strong></span> <span class='ocrx_word' id='word_1_59' title='bbox 1575 782 1744 809; x_wconf 84' lang='lat' dir='ltr'><strong>sensum</strong></span> 
     </span>
     <span class='ocr_line' id='line_1_11' title="bbox 280 846 1746 902; baseline -0.001 -14"><span class='ocrx_word' id='word_1_60' title='bbox 280 846 470 902; x_wconf 82' lang='lat' dir='ltr'><strong>expediri</strong></span> <span class='ocrx_word' id='word_1_61' title='bbox 519 846 620 886; x_wconf 90' lang='lat' dir='ltr'><strong>mihi</strong></span> <span class='ocrx_word' id='word_1_62' title='bbox 669 846 981 901; x_wconf 84' lang='lat' dir='ltr'><strong>persuaderem.</strong></span> <span class='ocrx_word' id='word_1_63' title='bbox 1040 846 1163 887; x_wconf 90' lang='lat' dir='ltr'><strong>Nunc</strong></span> <span class='ocrx_word' id='word_1_64' title='bbox 1194 846 1236 887; x_wconf 92' lang='lat' dir='ltr'><strong>in</strong></span> <span class='ocrx_word' id='word_1_65' title='bbox 1275 847 1416 888; x_wconf 86' lang='lat' dir='ltr'><strong>multis</strong></span> <span class='ocrx_word' id='word_1_66' title='bbox 1454 846 1624 888; x_wconf 84' lang='lat' dir='ltr'><strong>haereo.</strong></span> <span class='ocrx_word' id='word_1_67' title='bbox 1682 847 1746 887; x_wconf 85' lang='lat' dir='ltr'><strong>Ac</strong></span> 
     </span>
     <span class='ocr_line' id='line_1_12' title="bbox 279 923 1746 980; baseline -0.001 -15"><span class='ocrx_word' id='word_1_68' title='bbox 279 926 458 980; x_wconf 90' lang='lat' dir='ltr'><strong>primum</strong></span> <span class='ocrx_word' id='word_1_69' title='bbox 489 923 657 979; x_wconf 90' lang='lat' dir='ltr'><strong>quidem</strong></span> <span class='ocrx_word' id='word_1_70' title='bbox 689 938 771 964; x_wconf 91' lang='lat' dir='ltr'><strong>non</strong></span> <span class='ocrx_word' id='word_1_71' title='bbox 810 924 1145 965; x_wconf 86' lang='lat' dir='ltr'><strong>comburentium</strong></span> <span class='ocrx_word' id='word_1_72' title='bbox 1177 929 1341 965; x_wconf 86' lang='lat' dir='ltr'><strong>tantum</strong></span> <span class='ocrx_word' id='word_1_73' title='bbox 1387 924 1557 966; x_wconf 81' lang='lat' dir='ltr'><strong>cimices</strong></span> <span class='ocrx_word' id='word_1_74' title='bbox 1605 925 1746 965; x_wconf 86' lang='lat' dir='ltr'><strong>necari</strong></span> 
     </span>
     <span class='ocr_line' id='line_1_13' title="bbox 279 1002 1745 1058; baseline 0.001 -16"><span class='ocrx_word' id='word_1_75' title='bbox 279 1006 610 1043; x_wconf 84' lang='lat' dir='ltr'><strong>consentaneum</strong></span> <span class='ocrx_word' id='word_1_76' title='bbox 643 1007 707 1043; x_wconf 86' lang='lat' dir='ltr'><strong>est</strong></span> <span class='ocrx_word' id='word_1_77' title='bbox 744 1002 819 1042; x_wconf 89' lang='lat' dir='ltr'><strong>sed</strong></span> <span class='ocrx_word' id='word_1_78' title='bbox 850 1016 922 1043; x_wconf 89' lang='lat' dir='ltr'><strong>eos</strong></span> <span class='ocrx_word' id='word_1_79' title='bbox 953 1016 1120 1058; x_wconf 87' lang='lat' dir='ltr'><strong>quoque</strong></span> <span class='ocrx_word' id='word_1_80' title='bbox 1171 1003 1241 1058; x_wconf 93' lang='lat' dir='ltr'><strong>qui</strong></span> <span class='ocrx_word' id='word_1_81' title='bbox 1283 1003 1325 1043; x_wconf 92' lang='lat' dir='ltr'><strong>in</strong></span> <span class='ocrx_word' id='word_1_82' title='bbox 1356 1002 1562 1044; x_wconf 87' lang='lat' dir='ltr'><strong>cubilibus</strong></span> <span class='ocrx_word' id='word_1_83' title='bbox 1593 1003 1745 1056; x_wconf 83' lang='lat' dir='ltr'><strong>latent3</strong></span> 
     </span>
     <span class='ocr_line' id='line_1_14' title="bbox 281 1079 1747 1135; baseline -0.001 -14"><span class='ocrx_word' id='word_1_84' title='bbox 281 1080 433 1121; x_wconf 89' lang='lat' dir='ltr'><strong>deinde</strong></span> <span class='ocrx_word' id='word_1_85' title='bbox 463 1093 588 1122; x_wconf 86' lang='lat' dir='ltr'><strong>voces</strong></span> <span class='ocrx_word' id='word_1_86' title='bbox 619 1080 700 1132; x_wconf 83' lang='lat' dir='ltr'><strong>,hic</strong></span> <span class='ocrx_word' id='word_1_87' title='bbox 733 1080 913 1121; x_wconf 78' lang='lat' dir='ltr'><strong>suffitus‘</strong></span> <span class='ocrx_word' id='word_1_88' title='bbox 944 1094 1017 1135; x_wconf 86' lang='lat' dir='ltr'><strong>pro</strong></span> <span class='ocrx_word' id='word_1_89' title='bbox 1049 1080 1212 1133; x_wconf 75' lang='lat' dir='ltr'><strong>⁷harum</strong></span> <span class='ocrx_word' id='word_1_90' title='bbox 1243 1080 1421 1122; x_wconf 86' lang='lat' dir='ltr'><strong>susfitus‘</strong></span> <span class='ocrx_word' id='word_1_91' title='bbox 1452 1081 1519 1122; x_wconf 85' lang='lat' dir='ltr'><strong>vel</strong></span> <span class='ocrx_word' id='word_1_92' title='bbox 1549 1080 1645 1133; x_wconf 82' lang='lat' dir='ltr'><strong>‚hae</strong></span> <span class='ocrx_word' id='word_1_93' title='bbox 1664 1079 1747 1121; x_wconf 88' lang='lat' dir='ltr'><strong>suf-</strong></span> 
     </span>
     <span class='ocr_line' id='line_1_15' title="bbox 279 1157 1745 1214; baseline -0.001 -15"><span class='ocrx_word' id='word_1_94' title='bbox 279 1160 366 1199; x_wconf 85' lang='lat' dir='ltr'><strong>fitu‘</strong></span> <span class='ocrx_word' id='word_1_95' title='bbox 399 1160 467 1199; x_wconf 80' lang='lat' dir='ltr'><strong>vix</strong></span> <span class='ocrx_word' id='word_1_96' title='bbox 497 1158 648 1199; x_wconf 78' lang='lat' dir='ltr'><strong>Latine</strong></span> <span class='ocrx_word' id='word_1_97' title='bbox 682 1157 764 1199; x_wconf 87' lang='lat' dir='ltr'><strong>dici</strong></span> <span class='ocrx_word' id='word_1_98' title='bbox 794 1162 920 1212; x_wconf 72' lang='lat' dir='ltr'><strong>pum,</strong></span> <span class='ocrx_word' id='word_1_99' title='bbox 963 1164 1094 1199; x_wconf 85' lang='lat' dir='ltr'><strong>totam</strong></span> <span class='ocrx_word' id='word_1_100' title='bbox 1125 1158 1306 1214; x_wconf 90' lang='lat' dir='ltr'><strong>denique</strong></span> <span class='ocrx_word' id='word_1_101' title='bbox 1337 1158 1591 1199; x_wconf 80' lang='lat' dir='ltr'><strong>sententiam</strong></span> <span class='ocrx_word' id='word_1_102' title='bbox 1622 1163 1663 1199; x_wconf 91' lang='lat' dir='ltr'><strong>et</strong></span> <span class='ocrx_word' id='word_1_103' title='bbox 1693 1158 1745 1198; x_wconf 87' lang='lat' dir='ltr'><strong>ab</strong></span> 
     </span>
     <span class='ocr_line' id='line_1_16' title="bbox 281 1235 1749 1292; baseline -0.001 -15"><span class='ocrx_word' id='word_1_104' title='bbox 281 1237 359 1279; x_wconf 89' lang='lat' dir='ltr'><strong>hoc</strong></span> <span class='ocrx_word' id='word_1_105' title='bbox 391 1238 483 1278; x_wconf 92' lang='grc'>1000</span> <span class='ocrx_word' id='word_1_106' title='bbox 516 1250 598 1292; x_wconf 89' lang='lat' dir='ltr'><strong>quo</strong></span> <span class='ocrx_word' id='word_1_107' title='bbox 632 1236 683 1276; x_wconf 89' lang='lat' dir='ltr'><strong>de</strong></span> <span class='ocrx_word' id='word_1_108' title='bbox 714 1235 929 1290; x_wconf 86' lang='lat' dir='ltr'><strong>psilothris</strong></span> <span class='ocrx_word' id='word_1_109' title='bbox 959 1236 1117 1291; x_wconf 83' lang='lat' dir='ltr'><strong>agitur,</strong></span> <span class='ocrx_word' id='word_1_110' title='bbox 1160 1236 1339 1276; x_wconf 88' lang='lat' dir='ltr'><strong>alienam</strong></span> <span class='ocrx_word' id='word_1_111' title='bbox 1371 1249 1464 1277; x_wconf 86' lang='lat' dir='ltr'><strong>esse</strong></span> <span class='ocrx_word' id='word_1_112' title='bbox 1497 1235 1675 1276; x_wconf 87' lang='lat' dir='ltr'><strong>arbitror</strong></span> <span class='ocrx_word' id='word_1_113' title='bbox 1708 1240 1749 1276; x_wconf 86' lang='lat' dir='ltr'><strong>et</strong></span> 
     </span>
     <span class='ocr_line' id='line_1_17' title="bbox 282 1313 1748 1371; baseline -0.002 -15"><span class='ocrx_word' id='word_1_114' title='bbox 282 1328 639 1371; x_wconf 81' lang='lat' dir='ltr'><strong>supervacaneam</strong></span> <span class='ocrx_word' id='word_1_115' title='bbox 672 1314 854 1367; x_wconf 84' lang='lat' dir='ltr'><strong>omnino,</strong></span> <span class='ocrx_word' id='word_1_116' title='bbox 886 1327 1013 1369; x_wconf 87' lang='lat' dir='ltr'><strong>quum</strong></span> <span class='ocrx_word' id='word_1_117' title='bbox 1046 1313 1097 1354; x_wconf 89' lang='lat' dir='ltr'><strong>de</strong></span> <span class='ocrx_word' id='word_1_118' title='bbox 1128 1313 1201 1354; x_wconf 86' lang='lat' dir='ltr'><strong>illa</strong></span> <span class='ocrx_word' id='word_1_119' title='bbox 1230 1313 1470 1354; x_wconf 86' lang='lat' dir='ltr'><strong>hirudinum</strong></span> <span class='ocrx_word' id='word_1_120' title='bbox 1492 1314 1644 1354; x_wconf 86' lang='lat' dir='ltr'><strong>virtute</strong></span> <span class='ocrx_word' id='word_1_121' title='bbox 1666 1313 1748 1354; x_wconf 89' lang='lat' dir='ltr'><strong>iam</strong></span> 
     </span>
     <span class='ocr_line' id='line_1_18' title="bbox 283 1390 1742 1448; baseline -0.001 -15"><span class='ocrx_word' id='word_1_122' title='bbox 283 1395 318 1448; x_wconf 66' lang='grc' dir='ltr'><strong>ξ.</strong></span> <span class='ocrx_word' id='word_1_123' title='bbox 359 1394 430 1436; x_wconf 77' lang='lat'><strong>124</strong></span> <span class='ocrx_word' id='word_1_124' title='bbox 460 1393 571 1434; x_wconf 85' lang='lat' dir='ltr'><strong>idem</strong></span> <span class='ocrx_word' id='word_1_125' title='bbox 600 1393 780 1433; x_wconf 86' lang='lat' dir='ltr'><strong>relatum</strong></span> <span class='ocrx_word' id='word_1_126' title='bbox 812 1392 877 1432; x_wconf 88' lang='lat' dir='ltr'><strong>sit.</strong></span> <span class='ocrx_word' id='word_1_127' title='bbox 921 1391 1031 1439; x_wconf 85' lang='lat' dir='ltr'><strong>Quid</strong></span> <span class='ocrx_word' id='word_1_128' title='bbox 1067 1392 1230 1432; x_wconf 81' lang='lat' dir='ltr'><strong>multa?</strong></span> <span class='ocrx_word' id='word_1_129' title='bbox 1264 1390 1468 1432; x_wconf 86' lang='lat' dir='ltr'><strong>delendus</strong></span> <span class='ocrx_word' id='word_1_130' title='bbox 1501 1397 1565 1432; x_wconf 87' lang='lat' dir='ltr'><strong>est</strong></span> <span class='ocrx_word' id='word_1_131' title='bbox 1595 1404 1742 1432; x_wconf 83' lang='lat' dir='ltr'><strong>sensus</strong></span> 
     </span>
     <span class='ocr_line' id='line_1_19' title="bbox 284 1469 1750 1526; baseline -0.001 -14"><span class='ocrx_word' id='word_1_132' title='bbox 284 1487 305 1512; x_wconf 87' lang='lat' dir='ltr'><strong>e</strong></span> <span class='ocrx_word' id='word_1_133' title='bbox 337 1471 554 1526; x_wconf 87' lang='lat' dir='ltr'><strong>superiore</strong></span> <span class='ocrx_word' id='word_1_134' title='bbox 586 1470 677 1511; x_wconf 88' lang='lat' dir='ltr'><strong>loco</strong></span> <span class='ocrx_word' id='word_1_135' title='bbox 723 1471 892 1511; x_wconf 87' lang='lat' dir='ltr'><strong>saeculo</strong></span> <span class='ocrx_word' id='word_1_136' title='bbox 923 1475 970 1510; x_wconf 90' lang='lat' dir='ltr'><strong>ut</strong></span> <span class='ocrx_word' id='word_1_137' title='bbox 997 1469 1162 1510; x_wconf 89' lang='lat' dir='ltr'><strong>videtur</strong></span> <span class='ocrx_word' id='word_1_138' title='bbox 1191 1474 1339 1524; x_wconf 85' lang='lat' dir='ltr'><strong>quarto</strong></span> <span class='ocrx_word' id='word_1_139' title='bbox 1385 1469 1436 1510; x_wconf 90' lang='lat' dir='ltr'><strong>ab</strong></span> <span class='ocrx_word' id='word_1_140' title='bbox 1467 1469 1637 1510; x_wconf 90' lang='lat' dir='ltr'><strong>homine</strong></span> <span class='ocrx_word' id='word_1_141' title='bbox 1667 1483 1750 1510; x_wconf 91' lang='lat' dir='ltr'><strong>non</strong></span> 
     </span>
     <span class='ocr_line' id='line_1_20' title="bbox 284 1547 1750 1604; baseline -0.001 -14"><span class='ocrx_word' id='word_1_142' title='bbox 284 1551 352 1590; x_wconf 94' lang='lat' dir='ltr'><strong>illo</strong></span> <span class='ocrx_word' id='word_1_143' title='bbox 384 1549 553 1604; x_wconf 89' lang='lat' dir='ltr'><strong>quidem</strong></span> <span class='ocrx_word' id='word_1_144' title='bbox 583 1548 753 1588; x_wconf 86' lang='lat' dir='ltr'><strong>indocto</strong></span> <span class='ocrx_word' id='word_1_145' title='bbox 795 1547 869 1588; x_wconf 88' lang='lat' dir='ltr'><strong>sed</strong></span> <span class='ocrx_word' id='word_1_146' title='bbox 901 1547 1171 1602; x_wconf 82' lang='lat' dir='ltr'><strong>elegantioris</strong></span> <span class='ocrx_word' id='word_1_147' title='bbox 1203 1547 1404 1588; x_wconf 83' lang='lat' dir='ltr'><strong>orationis</strong></span> <span class='ocrx_word' id='word_1_148' title='bbox 1444 1547 1582 1587; x_wconf 87' lang='lat' dir='ltr'><strong>minus</strong></span> <span class='ocrx_word' id='word_1_149' title='bbox 1613 1547 1750 1602; x_wconf 86' lang='lat' dir='ltr'><strong>perito</strong></span> 
     </span>
     <span class='ocr_line' id='line_1_21' title="bbox 286 1628 502 1683; baseline -0.009 -14"><span class='ocrx_word' id='word_1_150' title='bbox 286 1628 502 1683; x_wconf 86' lang='lat' dir='ltr'><strong>repetitus.</strong></span> 
     </span>
    </p>

    <p class='ocr_par' dir='ltr' id='par_1_6' title="bbox 286 1701 1752 1917">
     <span class='ocr_line' id='line_1_22' title="bbox 394 1701 1752 1760; baseline -0.004 -13"><span class='ocrx_word' id='word_1_151' title='bbox 394 1706 430 1760; x_wconf 75' lang='lat'><strong>§.</strong></span> <span class='ocrx_word' id='word_1_152' title='bbox 470 1705 542 1747; x_wconf 76' lang='lat'><strong>142</strong></span> <span class='ocrx_word' id='word_1_153' title='bbox 572 1718 791 1745; x_wconf 90' lang='lat' dir='ltr'><strong>numerum</strong></span> <span class='ocrx_word' id='word_1_154' title='bbox 829 1704 1008 1758; x_wconf 88' lang='lat' dir='ltr'><strong>piscium</strong></span> <span class='ocrx_word' id='word_1_155' title='bbox 1040 1701 1242 1744; x_wconf 80' lang='lat' dir='ltr'><em>OXLIIII</em></span> <span class='ocrx_word' id='word_1_156' title='bbox 1282 1706 1523 1757; x_wconf 88' lang='lat' dir='ltr'><strong>corruptum</strong></span> <span class='ocrx_word' id='word_1_157' title='bbox 1570 1702 1752 1757; x_wconf 89' lang='lat' dir='ltr'><strong>olimque</strong></span> 
     </span>
     <span class='ocr_line' id='line_1_23' title="bbox 286 1779 1751 1837; baseline -0.004 -12"><span class='ocrx_word' id='word_1_158' title='bbox 286 1789 397 1825; x_wconf 84' lang='lat' dir='ltr'><strong>recte</strong></span> <span class='ocrx_word' id='word_1_159' title='bbox 421 1781 642 1824; x_wconf 81' lang='lat' dir='ltr'><em>CLXXVI</em></span> <span class='ocrx_word' id='word_1_160' title='bbox 665 1782 863 1837; x_wconf 86' lang='lat' dir='ltr'><strong>scriptum</strong></span> <span class='ocrx_word' id='word_1_161' title='bbox 889 1794 983 1822; x_wconf 85' lang='lat' dir='ltr'><strong>esse</strong></span> <span class='ocrx_word' id='word_1_162' title='bbox 1009 1787 1049 1822; x_wconf 86' lang='lat' dir='ltr'><strong>et</strong></span> <span class='ocrx_word' id='word_1_163' title='bbox 1070 1780 1182 1821; x_wconf 87' lang='lat' dir='ltr'><strong>facili</strong></span> <span class='ocrx_word' id='word_1_164' title='bbox 1201 1781 1512 1835; x_wconf 83' lang='lat' dir='ltr'><strong>computatione</strong></span> <span class='ocrx_word' id='word_1_165' title='bbox 1536 1779 1751 1822; x_wconf 88' lang='lat' dir='ltr'><strong>nominum</strong></span> 
     </span>
     <span class='ocr_line' id='line_1_24' title="bbox 287 1856 1751 1917; baseline -0.004 -14"><span class='ocrx_word' id='word_1_166' title='bbox 287 1876 395 1917; x_wconf 79' lang='lat' dir='ltr'><strong>quae</strong></span> <span class='ocrx_word' id='word_1_167' title='bbox 455 1862 733 1915; x_wconf 88' lang='lat' dir='ltr'><strong>insequuntur</strong></span> <span class='ocrx_word' id='word_1_168' title='bbox 778 1859 891 1900; x_wconf 85' lang='lat' dir='ltr'><strong>facta</strong></span> <span class='ocrx_word' id='word_1_169' title='bbox 934 1858 1181 1913; x_wconf 85' lang='lat' dir='ltr'><strong>intelligitur</strong></span> <span class='ocrx_word' id='word_1_170' title='bbox 1222 1863 1264 1899; x_wconf 87' lang='lat' dir='ltr'><strong>et</strong></span> <span class='ocrx_word' id='word_1_171' title='bbox 1292 1858 1431 1899; x_wconf 88' lang='lat' dir='ltr'><strong>indice</strong></span> <span class='ocrx_word' id='word_1_172' title='bbox 1462 1857 1501 1898; x_wconf 90' lang='lat' dir='ltr'><strong>h.</strong></span> <span class='ocrx_word' id='word_1_173' title='bbox 1532 1857 1557 1898; x_wconf 90' lang='lat' dir='ltr'><strong>l.</strong></span> <span class='ocrx_word' id='word_1_174' title='bbox 1603 1856 1751 1898; x_wconf 87' lang='lat' dir='ltr'><strong>confir-</strong></span> 
     </span>
    </p>
   </div>
   <div class='ocr_carea' id='block_1_5' title="bbox 288 1933 1757 2680">
    <p class='ocr_par' dir='ltr' id='par_1_7' title="bbox 288 1933 1751 2072">
     <span class='ocr_line' id='line_1_25' title="bbox 288 1933 1751 1992; baseline -0.005 -10"><span class='ocrx_word' id='word_1_175' title='bbox 288 1947 437 1982; x_wconf 88' lang='lat' dir='ltr'><strong>matur.</strong></span> <span class='ocrx_word' id='word_1_176' title='bbox 497 1939 558 1980; x_wconf 89' lang='lat' dir='ltr'><strong>lbi</strong></span> <span class='ocrx_word' id='word_1_177' title='bbox 609 1939 720 1979; x_wconf 84' lang='lat' dir='ltr'><strong>enim</strong></span> <span class='ocrx_word' id='word_1_178' title='bbox 765 1938 854 1992; x_wconf 88' lang='lat' dir='ltr'><strong>ipse</strong></span> <span class='ocrx_word' id='word_1_179' title='bbox 905 1938 973 1990; x_wconf 90' lang='lat' dir='ltr'><strong>qui</strong></span> <span class='ocrx_word' id='word_1_180' title='bbox 1021 1937 1237 1990; x_wconf 86' lang='lat' dir='ltr'><strong>quaeritur</strong></span> <span class='ocrx_word' id='word_1_181' title='bbox 1284 1950 1483 1977; x_wconf 86' lang='lat' dir='ltr'><strong>numerus</strong></span> <span class='ocrx_word' id='word_1_182' title='bbox 1531 1933 1751 1976; x_wconf 81' lang='lat' dir='ltr'><em>CLXXVI</em></span> 
     </span>
     <span class='ocr_line' id='line_1_26' title="bbox 288 2018 504 2072; baseline 0 -13"><span class='ocrx_word' id='word_1_183' title='bbox 288 2018 504 2072; x_wconf 84' lang='lat' dir='ltr'><strong>reperitur.</strong></span> 
     </span>
    </p>

    <p class='ocr_par' dir='ltr' id='par_1_8' title="bbox 354 2114 1757 2432">
     <span class='ocr_line' id='line_1_27' title="bbox 486 2114 1561 2180; baseline -0.004 -14"><span class='ocrx_word' id='word_1_184' title='bbox 486 2122 575 2166; x_wconf 70' lang='lat'><strong>147</strong></span> <span class='ocrx_word' id='word_1_185' title='bbox 600 2120 816 2175; x_wconf 68' lang='grc' dir='ltr'><strong>Ξ11,53</strong></span> <span class='ocrx_word' id='word_1_186' title='bbox 861 2116 984 2164; x_wconf 77' lang='lat' dir='ltr'><strong>inter</strong></span> <span class='ocrx_word' id='word_1_187' title='bbox 1022 2114 1183 2180; x_wconf 87' lang='lat' dir='ltr'><strong>pisces</strong></span> <span class='ocrx_word' id='word_1_188' title='bbox 1220 2119 1561 2163; x_wconf 83' lang='lat' dir='ltr'><strong>enumerantur</strong></span> 
     </span>
     <span class='ocr_line' id='line_1_28' title="bbox 354 2200 1755 2269; baseline -0.006 -13"><span class='ocrx_word' id='word_1_189' title='bbox 354 2206 575 2264; x_wconf 85' lang='lat' dir='ltr'><strong>cochloe‚</strong></span> <span class='ocrx_word' id='word_1_190' title='bbox 615 2220 818 2269; x_wconf 86' lang='lat' dir='ltr'><strong>quorum</strong></span> <span class='ocrx_word' id='word_1_191' title='bbox 850 2204 1050 2268; x_wconf 79' lang='lat' dir='ltr'><strong>generis</strong></span> <span class='ocrx_word' id='word_1_192' title='bbox 1086 2229 1146 2238; x_wconf 83' lang='lat'><strong>-—</strong></span> <span class='ocrx_word' id='word_1_193' title='bbox 1183 2201 1396 2260; x_wconf 89' lang='lat' dir='ltr'><strong>helices,</strong></span> <span class='ocrx_word' id='word_1_194' title='bbox 1433 2200 1538 2250; x_wconf 84' lang='lat' dir='ltr'><strong>aliis</strong></span> <span class='ocrx_word' id='word_1_195' title='bbox 1575 2200 1755 2250; x_wconf 84' lang='lat' dir='ltr'><strong>actino-</strong></span> 
     </span>
     <span class='ocr_line' id='line_1_29' title="bbox 357 2288 1757 2359; baseline -0.004 -17"><span class='ocrx_word' id='word_1_196' title='bbox 357 2295 541 2359; x_wconf 73' lang='lat' dir='ltr'><strong>phoroe</strong></span> <span class='ocrx_word' id='word_1_197' title='bbox 579 2294 816 2351; x_wconf 71' lang='lat' dir='ltr'><strong>dicuntur,</strong></span> <span class='ocrx_word' id='word_1_198' title='bbox 855 2291 1031 2356; x_wconf 86' lang='lat' dir='ltr'><strong>quibus</strong></span> <span class='ocrx_word' id='word_1_199' title='bbox 1070 2290 1188 2339; x_wconf 86' lang='lat' dir='ltr'><strong>radii</strong></span> <span class='ocrx_word' id='word_1_200' title='bbox 1212 2295 1434 2354; x_wconf 66' lang='lat' dir='ltr'><strong>cantantg</strong></span> <span class='ocrx_word' id='word_1_201' title='bbox 1473 2294 1606 2338; x_wconf 81' lang='lat' dir='ltr'><strong>extra</strong></span> <span class='ocrx_word' id='word_1_202' title='bbox 1634 2288 1757 2337; x_wconf 83' lang='lat' dir='ltr'><strong>haec</strong></span> 
     </span>
     <span class='ocr_line' id='line_1_30' title="bbox 356 2381 862 2432; baseline 0 -2"><span class='ocrx_word' id='word_1_203' title='bbox 356 2388 466 2431; x_wconf 75' lang='lat' dir='ltr'><strong>sunt</strong></span> <span class='ocrx_word' id='word_1_204' title='bbox 504 2382 741 2432; x_wconf 81' lang='lat' dir='ltr'><strong>rotundae</strong></span> <span class='ocrx_word' id='word_1_205' title='bbox 779 2381 862 2430; x_wconf 87' lang='grc'>161.</span> 
     </span>
    </p>

    <p class='ocr_par' dir='ltr' id='par_1_9' title="bbox 292 2465 1757 2680">
     <span class='ocr_line' id='line_1_31' title="bbox 406 2465 1755 2521; baseline -0.006 -10"><span class='ocrx_word' id='word_1_206' title='bbox 406 2471 577 2511; x_wconf 72' lang='lat' dir='ltr'><strong>lteetam</strong></span> <span class='ocrx_word' id='word_1_207' title='bbox 609 2469 864 2510; x_wconf 85' lang='lat' dir='ltr'><strong>emendandi</strong></span> <span class='ocrx_word' id='word_1_208' title='bbox 906 2468 1015 2509; x_wconf 87' lang='lat' dir='ltr'><strong>viam</strong></span> <span class='ocrx_word' id='word_1_209' title='bbox 1057 2467 1272 2521; x_wconf 85' lang='lat' dir='ltr'><strong>ingressus</strong></span> <span class='ocrx_word' id='word_1_210' title='bbox 1314 2471 1378 2507; x_wconf 79' lang='lat' dir='ltr'><strong>est</strong></span> <span class='ocrx_word' id='word_1_211' title='bbox 1408 2466 1444 2507; x_wconf 89' lang='lat' dir='ltr'>B</span> <span class='ocrx_word' id='word_1_212' title='bbox 1482 2470 1653 2505; x_wconf 84' lang='lat' dir='ltr'><strong>auctore</strong></span> <span class='ocrx_word' id='word_1_213' title='bbox 1692 2465 1755 2504; x_wconf 83' lang='lat' dir='ltr'><strong>la-</strong></span> 
     </span>
     <span class='ocr_line' id='line_1_32' title="bbox 293 2541 1757 2599; baseline -0.005 -11"><span class='ocrx_word' id='word_1_214' title='bbox 293 2563 384 2599; x_wconf 75' lang='lat' dir='ltr'><strong>nus,</strong></span> <span class='ocrx_word' id='word_1_215' title='bbox 432 2548 489 2588; x_wconf 88' lang='lat' dir='ltr'><strong>ita</strong></span> <span class='ocrx_word' id='word_1_216' title='bbox 520 2553 661 2589; x_wconf 87' lang='lat' dir='ltr'><strong>tamen</strong></span> <span class='ocrx_word' id='word_1_217' title='bbox 694 2553 738 2588; x_wconf 91' lang='lat' dir='ltr'><strong>ut</strong></span> <span class='ocrx_word' id='word_1_218' title='bbox 779 2560 925 2588; x_wconf 88' lang='lat' dir='ltr'><strong>vocem</strong></span> <span class='ocrx_word' id='word_1_219' title='bbox 962 2549 1068 2586; x_wconf 69' lang='lat' dir='ltr'><strong>radii</strong></span> <span class='ocrx_word' id='word_1_220' title='bbox 1097 2545 1261 2585; x_wconf 87' lang='lat' dir='ltr'><strong>cautius</strong></span> <span class='ocrx_word' id='word_1_221' title='bbox 1292 2557 1415 2598; x_wconf 88' lang='lat' dir='ltr'><strong>quam</strong></span> <span class='ocrx_word' id='word_1_222' title='bbox 1463 2543 1599 2584; x_wconf 85' lang='lat' dir='ltr'><strong>verius</strong></span> <span class='ocrx_word' id='word_1_223' title='bbox 1638 2541 1757 2581; x_wconf 86' lang='lat' dir='ltr'><strong>omit-</strong></span> 
     </span>
     <span class='ocr_line' id='line_1_33' title="bbox 292 2616 1757 2680; baseline -0.006 -13"><span class='ocrx_word' id='word_1_224' title='bbox 292 2633 411 2667; x_wconf 82' lang='lat' dir='ltr'><strong>teret.</strong></span> <span class='ocrx_word' id='word_1_225' title='bbox 472 2625 640 2666; x_wconf 81' lang='lat' dir='ltr'><strong>Scilicet</strong></span> <span class='ocrx_word' id='word_1_226' title='bbox 668 2625 710 2666; x_wconf 86' lang='lat' dir='ltr'><strong>id</strong></span> <span class='ocrx_word' id='word_1_227' title='bbox 740 2625 910 2680; x_wconf 89' lang='lat' dir='ltr'><strong>quidem</strong></span> <span class='ocrx_word' id='word_1_228' title='bbox 940 2624 1074 2665; x_wconf 85' lang='lat' dir='ltr'><strong>virum</strong></span> <span class='ocrx_word' id='word_1_229' title='bbox 1103 2616 1474 2677; x_wconf 84' lang='lat' dir='ltr'><strong>prudentissimum</strong></span> <span class='ocrx_word' id='word_1_230' title='bbox 1509 2633 1590 2660; x_wconf 88' lang='lat' dir='ltr'><strong>non</strong></span> <span class='ocrx_word' id='word_1_231' title='bbox 1621 2618 1757 2669; x_wconf 85' lang='lat' dir='ltr'><strong>latuit,</strong></span> 
     </span>
    </p>
   </div>
   <div class='ocr_carea' id='block_1_6' title="bbox 292 2697 1758 2838">
    <p class='ocr_par' dir='ltr' id='par_1_10' title="bbox 292 2697 1758 2838">
     <span class='ocr_line' id='line_1_34' title="bbox 292 2697 1756 2759; baseline -0.005 -15"><span class='ocrx_word' id='word_1_232' title='bbox 292 2703 403 2759; x_wconf 86' lang='lat' dir='ltr'><strong>quod</strong></span> <span class='ocrx_word' id='word_1_233' title='bbox 436 2703 620 2757; x_wconf 81' lang='lat' dir='ltr'><strong>Silligius</strong></span> <span class='ocrx_word' id='word_1_234' title='bbox 653 2703 730 2744; x_wconf 85' lang='lat' dir='ltr'><strong>sibi</strong></span> <span class='ocrx_word' id='word_1_235' title='bbox 762 2702 984 2757; x_wconf 76' lang='lat' dir='ltr'><strong>persuasit,</strong></span> <span class='ocrx_word' id='word_1_236' title='bbox 1032 2701 1121 2741; x_wconf 87' lang='lat' dir='ltr'><strong>fieri</strong></span> <span class='ocrx_word' id='word_1_237' title='bbox 1152 2714 1235 2740; x_wconf 92' lang='lat' dir='ltr'><strong>non</strong></span> <span class='ocrx_word' id='word_1_238' title='bbox 1266 2712 1391 2755; x_wconf 85' lang='lat' dir='ltr'><strong>posse</strong></span> <span class='ocrx_word' id='word_1_239' title='bbox 1423 2704 1467 2739; x_wconf 87' lang='lat' dir='ltr'><strong>ut</strong></span> <span class='ocrx_word' id='word_1_240' title='bbox 1497 2697 1626 2738; x_wconf 84' lang='lat' dir='ltr'><strong>radiis</strong></span> <span class='ocrx_word' id='word_1_241' title='bbox 1657 2709 1756 2737; x_wconf 88' lang='grc'>0011-</span> 
     </span>
     <span class='ocr_line' id='line_1_35' title="bbox 292 2776 1758 2838; baseline -0.008 -11"><span class='ocrx_word' id='word_1_242' title='bbox 292 2784 396 2827; x_wconf 79' lang='lat' dir='ltr'><strong>chae</strong></span> <span class='ocrx_word' id='word_1_243' title='bbox 427 2796 509 2824; x_wconf 91' lang='lat' dir='ltr'><strong>non</strong></span> <span class='ocrx_word' id='word_1_244' title='bbox 541 2794 725 2823; x_wconf 85' lang='lat' dir='ltr'><strong>concavo</strong></span> <span class='ocrx_word' id='word_1_245' title='bbox 757 2780 933 2822; x_wconf 84' lang='lat' dir='ltr'><strong>buccino</strong></span> <span class='ocrx_word' id='word_1_246' title='bbox 965 2779 1056 2820; x_wconf 89' lang='lat' dir='ltr'><strong>soni</strong></span> <span class='ocrx_word' id='word_1_247' title='bbox 1082 2779 1322 2838; x_wconf 86' lang='lat' dir='ltr'><strong>eliciantur:</strong></span> <span class='ocrx_word' id='word_1_248' title='bbox 1355 2776 1428 2817; x_wconf 86' lang='lat' dir='ltr'><strong>sed</strong></span> <span class='ocrx_word' id='word_1_249' title='bbox 1446 2789 1552 2831; x_wconf 87' lang='lat' dir='ltr'><strong>quac</strong></span> <span class='ocrx_word' id='word_1_250' title='bbox 1573 2790 1595 2816; x_wconf 90' lang='grc'><strong>0</strong></span> <span class='ocrx_word' id='word_1_251' title='bbox 1615 2776 1758 2815; x_wconf 85' lang='grc' dir='ltr'>Χ6110-</span> 
     </span>
    </p>
   </div>
  </div>
 </body>
</html>
