1914 3237
689 199 808 237 Liber
838 198 1000 238 XVIII.
1522 192 1576 236 67

114 331 198 379 est,
244 326 352 368 bene
391 325 518 381 igitur
557 325 641 368 Sill.
679 326 767 365 Ian.
812 329 851 365 in
888 338 1046 365 messem
1086 324 1284 366 scribunt.
1344 322 1506 364 Deinde
1534 322 1577 363 in

114 403 206 446 cod.
239 417 263 445 a
294 411 402 445 creta
433 403 656 454 omittitur,
703 415 783 456 quo
815 414 955 442 errore
996 401 1050 442 ad
1080 402 1204 442 fidem
1246 401 1460 456 scriptoris
1489 401 1577 441 vin-

115 481 337 522 dicandam
382 480 441 520 uti
479 480 589 520 licet.
648 479 786 526 Quum
836 479 946 519 enim
978 479 1084 520 Cato
1115 493 1178 533 cp.
1210 479 1290 521 129
1335 491 1505 520 amurca
1534 482 1581 518 ut

115 558 366 600 adhibeatur
403 556 601 609 suadeat,
646 556 857 611 Vergilius
889 556 1043 611 Georg.
1073 555 1105 598 I.
1137 555 1217 599 179
1269 560 1426 596 cretam
1472 568 1580 610 quae

114 635 227 690 apud
255 635 372 675 illum
403 647 456 675 ne
482 638 835 675 commemoratur
865 634 1058 689 quidem,
1090 632 1372 686 commendet,
1406 637 1582 687 apparet

113 725 260 754 vocem
292 719 401 753 creta
429 713 473 753 in
505 726 529 753 a
560 712 779 766 omissam,
825 713 868 753 in
900 711 925 752 d
963 716 1005 753 et
1046 711 1117 766 qui
1162 711 1251 751 eius
1290 709 1447 750 similes
1486 713 1582 749 sunt

114 790 330 832 codicibus
363 804 385 831 e
415 790 606 845 margine
637 789 680 831 in
709 794 1032 845 praeposterum
1060 788 1201 830 locum
1230 790 1444 842 receptam
1477 799 1583 829 esse.

114 868 362 924 Legendum
393 872 457 909 est
486 868 634 923 igitur:

171 959 305 986 aream
337 950 377 987 in
409 959 566 986 messem
586 958 852 997 praeparare,
889 947 1049 986 Catonis
1079 951 1176 985 sent.
1208 957 1281 984 am.
1316 950 1443 996 temp.,
1492 945 1584 983 Ver-

169 1027 252 1074 qz'lie'
282 1028 490 1076 operosius
520 1030 644 1064 creta.
886 1067 892 1071 ,

674 1116 768 1162 296
790 1134 848 1153 --
863 1114 1020 1169 3Ο,72.

182 1198 442 1249 Galliarum
488 1199 752 1249 latifundiis
806 1198 921 1247 valli
968 1197 1302 1264 praegrandes
1357 1197 1585 1246 dentibus

181 1289 229 1336 in
265 1287 483 1352 margine
519 1287 709 1336 infestis
749 1287 938 1337 duabus
964 1287 1082 1336 rotis
1118 1301 1208 1351 per
1243 1290 1465 1350 segetem
1501 1285 1588 1333 im-

184 1375 445 1441 pelluntur.

226 1464 470 1504 Ablativum
501 1463 581 1504 loci
630 1461 744 1517 apud
775 1461 965 1517 quemvis
1004 1461 1132 1501 alium
1173 1460 1420 1515 scriptorem
1462 1459 1588 1500 corri-

1616 1151 1696 1197 377

119 1555 288 1597 gereni,
319 1541 456 1582 Plinio
487 1540 702 1595 relinquo⁷
734 1539 785 1580 cf.
818 1539 1093 1594 Grasberger.
1130 1553 1167 1594 p.
1200 1539 1266 1591 54,
1298 1542 1341 1579 at
1370 1553 1407 1579 v.
1438 1539 1590 1586 infestis

119 1621 290 1660 minime
320 1619 417 1660 huic
437 1619 529 1659 loco
557 1622 701 1671 aptum
731 1623 774 1661 et
804 1617 1005 1659 facillima
1035 1616 1332 1658 emendatione
1363 1616 1404 1656 in
1438 1620 1588 1656 inser-

119 1702 169 1739 tis
197 1697 445 1738 mutandam
477 1709 571 1737 esse
604 1709 773 1737 censeo.

679 1789 773 1836 330
793 1809 851 1828 =
871 1788 1028 1843 33,76.
1618 1800 1699 1845 373

188 1874 280 1936 Qui
315 1875 519 1924 feminas
557 1874 751 1938 concipi
786 1873 926 1923 voles
962 1873 1010 1921 in
1047 1872 1178 1921 hunc
1211 1876 1410 1921 ventum
1445 1886 1590 1936 spec-

185 1967 345 2012 tantes
380 1963 487 2012 iniri
522 1962 704 2027 cogito.

234 2052 297 2091 De
328 2051 615 2106 septentrione
659 2050 842 2105 loquitur
873 2049 931 2090 ita
961 2053 1008 2089 ut
1052 2047 1131 2089 sibi
1169 2048 1261 2102 ipse
1299 2046 1589 2088 contradicere

122 2127 325 2170 videatur.
389 2128 498 2169 Nam
547 2127 664 2169 VIII.
699 2127 777 2170 189
829 2126 1052 2182 ,aquilonis
1095 2126 1199 2165 flatu
1242 2137 1380 2164 mares
1426 2123 1589 2177 concipi

121 2205 308 2259 dixerat,
339 2207 471 2247 austri
500 2206 694 2246 feminas‘
738 2205 934 2259 idemque
966 2205 1002 2257 §-
1034 2204 1114 2246 336
1145 2203 1373 2244 Aristotele
1420 2210 1588 2242 auctore

121 2285 286 2338 repetit.
345 2284 464 2331 Quae
500 2297 593 2324 cum
625 2283 893 2323 consentiens
940 2281 1203 2336 antiquitatis
1246 2280 1359 2321 fama
1405 2281 1458 2320 sit
1511 2279 1587 2330 (cf.

122 2362 295 2402 Aristot.
321 2361 417 2404 hist.
450 2362 575 2402 anim.
607 2361 677 2403 VI.
701 2360 762 2412 19,
795 2364 983 2415 generat.
1019 2360 1144 2400 anim.
1177 2359 1248 2400 IV.
1281 2359 1319 2412 2,
1353 2357 1589 2399 Columella

124 2438 217 2479 VII.
248 2440 286 2492 4,
316 2439 481 2482 Aelian.
511 2439 551 2479 h.
584 2453 620 2480 a.
654 2440 743 2479 VII.
774 2438 868 2493 27),
899 2437 978 2478 hoc
1008 2436 1180 2492 quidem
1209 2437 1301 2477 loco
1332 2437 1588 2477 contrarium

124 2516 365 2558 adseverari
391 2531 474 2558 non
504 2517 653 2572 potuit.
711 2518 861 2571 Itaque
892 2515 1113 2556 Pintianus
1146 2519 1188 2555 et
1221 2513 1503 2556 Schneiderus
1535 2515 1589 2556 ad

127 2594 385 2635 Columellae
415 2595 554 2636 locum
584 2608 714 2635 mares
745 2593 870 2634 scribi
899 2593 1066 2634 volunt:
1098 2592 1200 2633 mihi
1221 2592 1303 2633 alia
1321 2593 1426 2633 ratio
1451 2594 1588 2648 magis

125 2672 295 2714 arridet.
355 2672 439 2713 Vix
463 2673 574 2713 enim
604 2672 705 2712 mihi
734 2670 991 2726 persuadere
1024 2683 1210 2725 possum,
1241 2669 1344 2711 locis
1376 2675 1462 2711 tam
1492 2684 1588 2725 pro-

125 2751 290 2805 pinquis
322 2751 471 2792 eadem
497 2765 521 2791 a
550 2750 688 2791 Plinio
720 2749 784 2790 bis
812 2748 1004 2804 proferri⁷
1037 2761 1145 2803 quae
1168 2747 1236 2788 hic
1264 2748 1464 2803 leguntur
1494 2762 1588 2790 cum

125 2829 176 2869 iis
209 2842 317 2883 quae
348 2843 447 2871 mox
465 2832 698 2884 sequuntur
728 2827 884 2883 optime
907 2825 1105 2881 coniungi
1122 2825 1257 2869 video.
1288 2827 1436 2882 Itaque
1453 2831 1588 2868 trans·

1249 2904 1274 2946 5
1290 2906 1310 2928 *
