1914 3237
767 146 897 188 Liber
923 146 1011 188 IX.
1542 139 1621 181 155

150 275 353 328 quentius
379 273 537 328 copula
566 287 649 334 que
677 270 790 312 male
819 269 1011 318 adiecta,
1043 280 1172 322 quam
1205 266 1332 308 etiam
1349 266 1404 306 X.
1426 263 1517 305 173.
1546 263 1620 304 de-

148 354 322 394 lendam
356 368 458 394 esse
489 352 746 394 videbimus.
807 348 1003 401 Sumpsit
1035 347 1147 387 enim
1180 345 1296 386 hanc
1326 344 1621 385 narrationem

153 432 316 474 Plinius
348 433 402 473 ab
430 429 765 486 Agatharchide
799 427 859 467 14.
891 440 964 480 ap.
986 425 1109 466 Phot.
1144 424 1254 466 Eibl.
1285 424 1380 474 250,
1412 423 1534 464 cuius
1559 421 1621 462 lo-

150 527 246 554 cum
276 512 448 566 plenius
481 508 718 562 descripsit
749 507 974 548 Diodorus
1004 505 1071 545 111.
1092 504 1160 544 ⁶21.
1227 503 1382 557 Neque
1409 502 1520 542 enim
1549 514 1622 541 res

149 598 301 645 gestas
332 597 498 630 tantum
532 588 776 629 secundum
808 594 1018 627 auctores
1048 598 1155 626 suos
1186 589 1363 624 enarrat
1390 581 1624 633 Diodorus,

149 669 231 709 sed
265 668 418 708 iisdem
455 667 604 707 verbis
643 673 775 721 atque
811 664 869 706 illi
901 665 960 705 uti
1004 663 1132 704 solet.
1205 661 1335 709 Quod
1373 659 1625 700 accuratius

149 744 250 786 alibi
286 746 621 795 demonstrabo,
666 758 783 784 nunc
821 756 908 784 uno
950 749 1116 783 tantum
1158 739 1363 794 exemplo
1398 737 1623 779 confirmo.

151 825 293 872 Quum
341 824 454 864 enim
492 823 571 864 XI.
598 822 638 863 2.
684 821 1078 876 Carthaginienses
1121 833 1176 860 ex
1212 818 1335 859 Italia
1371 825 1414 859 et
1448 817 1626 871 Liguria

150 904 308 944 milites
340 903 639 944 mercenarios
683 901 903 942 accivisse
945 898 1250 953 perhibentur,
1288 897 1431 951 ipsam
1461 896 1628 950 Ephori

0 834 1 863 l

0 908 2 990 l
151 982 390 1022 orationem
424 980 686 1034 exscripsit,
737 992 837 1019 nam
869 978 1008 1032 ipsius
1038 984 1183 1017 aetate
1213 976 1391 1030 Liguria
1423 976 1477 1016 ab
1506 974 1629 1015 Italia

0 991 2 1111 l
153 1061 342 1101 discerni
375 1073 461 1099 non
503 1066 689 1112 poterat.
758 1057 820 1096 lta
856 1057 984 1111 igitur
1017 1055 1135 1109 apud
1167 1054 1407 1095 Diodorum
1439 1053 1629 1108 loquitur

0 1117 2 1232 Ι
150 1137 532 1193 Agatharchides:
565 1138 604 1179 οἱ
625 1135 667 1179 δὲ
689 1135 763 1185 τὰς
783 1135 941 1188 νήσους
960 1135 1257 1183 κατοικοῦντες
1279 1132 1485 1188 βάρβαροι
1517 1130 1628 1174 κατὰ

0 1233 2 1292 l
153 1219 298 1261 τοῦτον
329 1215 400 1259 τὸυ
417 1214 568 1271 καιρὸν
598 1214 760 1270 ἠρέμα
789 1212 1174 1268 προςνήχονται
1204 1214 1293 1260 ταῖς
1309 1210 1532 1265 χελώναις,
1556 1212 1630 1253 Le.

156 1298 315 1338 leniter
346 1297 571 1337 adnatant.

721 1395 785 1444 80
806 1417 857 1439 =
878 1396 958 1457 25,
982 1395 1064 1443 41.
1660 1409 1738 1449 190

221 1520 290 1527 —
315 1489 488 1554 quibus
515 1487 880 1536 inhaerentibus
912 1487 1102 1551 plenam
1135 1484 1291 1533 ventis
1323 1483 1521 1531 stetisse
1552 1499 1631 1530 na-

224 1597 333 1629 vem
369 1588 642 1644 portantem
681 1596 709 1626 a
738 1578 1013 1627 Periandro
1055 1585 1108 1625 ut
1137 1583 1469 1625 castrarentur
1499 1574 1633 1623 nobi-

225 1671 297 1718 les
333 1669 540 1734 pueri,
580 1668 888 1732 conchasque
924 1672 1004 1714 rel.

272 1768 506 1824 Vulgatam
535 1769 799 1822 scripturam
832 1768 1008 1808 nuntios
1040 1766 1329 1807 aPeriamlro
1358 1778 1472 1820 quae
1504 1778 1527 1806 e
1559 1764 1634 1805 bo-

159 1849 227 1891 nis
257 1849 486 1890 codicibus
512 1847 553 1887 in
573 1859 661 1886 uno
679 1845 741 1886 R2
759 1846 993 1900 reperitur,
1024 1845 1180 1886 merito
1210 1844 1434 1885 Pintianus
1464 1850 1507 1884 et
1536 1850 1637 1896 post

163 1943 261 1971 eum
290 1927 542 1968 Harduinus
575 1926 799 1980 ceterique
816 1924 911 1965 VV.
927 1924 1028 1968 DD.
1057 1931 1103 1965 ut
1126 1923 1352 1979 glossema
1373 1923 1635 1963 reiecerunt.

162 2006 355 2060 Silligius
400 2013 545 2046 autem
592 2003 734 2045 locum
778 2003 1038 2044 lacunosum
1085 2015 1187 2043 esse
1231 2009 1354 2042 ratus
1393 1999 1637 2040 Periandro

163 2087 382 2129 Graecum
417 2085 606 2125 dativum
639 2097 742 2125 esse
772 2082 929 2136 voluit,
969 2090 1069 2136 post
1102 2095 1228 2136 quem
1259 2080 1475 2121 exciderit
1505 2078 1637 2133 parti-

163 2164 320 2218 cipium
342 2164 504 2204 missos.
551 2163 606 2204 At
635 2177 742 2204 vero
773 2177 828 2203 ne
862 2163 926 2203 sic
955 2162 1127 2217 quidem
1154 2160 1419 2201 vocabulum
1452 2159 1639 2213 „pue1·i==

161 2242 339 2284 habebit
358 2256 442 2297 quo
460 2240 697 2292 referatur,
716 2241 798 2282 nisi
817 2241 1033 2281 audacem
1053 2240 1361 2281 attractionem
1374 2239 1511 2280 Plinio
1529 2237 1639 2280 velis

164 2321 414 2362 obtrudere.
489 2321 618 2374 Ipsos
662 2321 775 2360 enim
814 2325 1042 2360 trecentos
1080 2332 1246 2373 pueros
1287 2317 1570 2372 Corcyraeos
1614 2332 1641 2358 a

167 2401 405 2442 Periandro
436 2400 604 2441 Sardes
634 2400 690 2439 ad
707 2398 929 2453 Alyattem
959 2398 1122 2440 missos
1153 2411 1277 2448 esse,
1311 2405 1359 2438 ut
1388 2406 1642 2439 castraren-

167 2488 253 2529 tur,
285 2478 538 2520 Herodotus
569 2478 706 2520 refert
737 2479 804 2520 111.
821 2477 877 2519 48
907 2492 1001 2533 sqq.
1060 2478 1212 2533 Itaque
1240 2478 1522 2518 scribendum
1552 2484 1642 2518 est:

220 2563 465 2614 portantem
495 2572 521 2596 a
553 2556 797 2597 Periandro
826 2562 875 2596 ut
905 2561 1207 2597 castrarentur
1236 2554 1396 2596 nobiles
1434 2570 1639 2611 pueros.

6 2593 9 2694 Ι
283 2635 559 2689 Praepositio
587 2635 701 2675 enim
731 2649 774 2685 a,
804 2647 918 2688 quae
949 2647 1060 2675 sane
1091 2635 1131 2674 in
1156 2635 1330 2688 optimis
1351 2634 1471 2676 libris
1501 2636 1642 2687 deest,

171 2714 344 2757 facilius
371 2714 542 2755 videtur
572 2712 744 2754 restitui
774 2726 903 2767 quam
933 2718 1068 2753 totum
1099 2711 1361 2753 vocabulum
1399 2713 1547 2754 missos
1583 2714 1643 2754 in-

6 2709 10 2873 l
173 2794 275 2838 seri.
356 2793 395 2848 ὅ.
423 2792 491 2834 83.
537 2793 725 2848 primus,
771 2792 815 2834 ni
845 2791 998 2842 l'allor‚
1043 2791 1237 2846 Silligius
1278 2806 1464 2847 pravam
1509 2793 1644 2835 inter-
