1914 3237
277 122 356 162 124
896 120 1027 163 Liber
1058 121 1172 164 VII.

275 245 487 286 cinctorio
524 242 593 283 vel
622 244 827 285 tinctorio
859 245 942 285 sed
970 258 996 285 a
1029 246 1228 286 cinctore
1263 242 1332 284 vel
1364 244 1551 285 tinctore
1583 244 1744 285 ducen-

275 324 375 362 dum
419 327 508 370 est,
555 321 672 375 quod
704 336 925 377 nunquam
965 322 1226 364 homicidam
1268 321 1519 376 significare
1563 321 1742 374 poterit.

272 399 432 439 Melius
463 412 571 441 sane
594 400 839 442 Salmasius
869 417 909 456 p.
927 402 1023 446 188.
1052 401 1101 443 D.
1134 403 1180 441 in
1202 402 1405 442 cinctorio
1437 401 1641 453 coniecit,
1673 413 1744 441 ve-

272 491 366 518 rum
410 478 525 532 quod
567 478 743 532 linguae
786 480 959 534 quidem
1003 479 1174 534 legibus
1218 488 1591 532 consentaneum,
1630 478 1745 520 idem

271 556 421 597 sensui
454 555 581 597 huius
610 556 693 598 loci
725 557 858 612 plane
897 564 967 598 est
1007 559 1288 598 contrarium.
1360 558 1514 612 Neque
1545 558 1658 598 enim
1690 557 1745 597 de

271 635 436 676 crudeli
467 637 628 685 aniuno,
658 651 785 691 quein
816 636 1017 690 proximo
1044 637 1269 677 enuntiato
1299 644 1743 688 commemoraverat,

272 715 352 755 sed
391 715 445 755 dc
485 715 696 768 superbia
728 713 917 754 humana
947 713 1138 768 loquitur
1174 712 1353 756 Plinius.
1425 714 1579 753 Tincta
1605 713 1745 770 qloria

270 794 426 834 audaci
459 796 694 834 mutatione
727 794 1008 834 scribendum
1037 806 1141 834 esse
1173 791 1366 845 Silligius
1398 792 1588 845 putavit,
1617 792 1743 846 quasi

271 886 377 913 vero
416 880 489 912 aut
526 873 580 912 de
617 871 785 926 gloriae
825 872 1030 925 cupidine
1069 885 1213 925 neque
1249 871 1304 911 de
1342 871 1485 911 animo
1526 883 1742 925 prospera

269 952 444 992 fortuna
483 950 633 991 inflato
670 964 817 991 sermo
859 957 982 991 esset
1024 958 1098 991 aut
1138 950 1296 991 mentis
1339 948 1521 998 affectu,
1562 949 1588 989 i.
1609 963 1646 990 e.
1677 949 1745 989 sui

269 1030 455 1083 quadam
497 1037 623 1083 parte
660 1043 744 1070 nec
780 1043 828 1070 re
866 1030 1054 1085 quadam
1087 1037 1272 1071 externa
1302 1029 1472 1070 animus
1503 1029 1606 1081 tingi
1639 1042 1743 1082 pos-

267 1116 348 1149 set.
425 1106 614 1148 Codices
651 1115 797 1147 autem
840 1108 899 1148 ita
938 1108 1135 1148 scribunt
1181 1106 1402 1160 (nonnulli
1441 1112 1584 1145 tamen
1624 1107 1742 1146 inse—

268 1187 417 1239 runt):
461 1186 500 1226 R
532 1200 583 1226 cu
612 1200 778 1241 semper
811 1187 1035 1239 unctoria,
1066 1186 1263 1228 Murbac.
1293 1186 1423 1227 codd.
1449 1185 1582 1225 Turn.
1607 1185 1742 1226 Hard.

268 1274 300 1306 Θ
332 1264 453 1304 cuins
487 1278 654 1318 semper
691 1264 913 1313 ductoria,
955 1265 1084 1306 codd.
1116 1263 1247 1305 Voss.
1290 1264 1412 1304 cuius
1449 1277 1617 1318 semper
1654 1263 1742 1302 cin-

268 1343 417 1395 ctoria,
447 1342 575 1383 codd.
603 1342 734 1381 Barb.
756 1340 852 1382 Gel.
883 1342 947 1382 Td
978 1341 1089 1396 Reg.
1109 1342 1146 1382 2.
1168 1355 1240 1395 ap.
1264 1341 1397 1382 Hard.
1427 1341 1549 1380 cuius
1578 1355 1744 1395 semper

267 1420 462 1459 uictoria.
508 1420 697 1459 Primum
724 1419 854 1473 igitur
876 1434 928 1460 eo
950 1433 1170 1473 peccasse
1191 1420 1394 1460 videntur
1412 1419 1591 1471 librarii,
1624 1419 1741 1473 quod

268 1497 458 1537 ultimam
501 1497 772 1550 pronominis
814 1498 936 1537 cuius
976 1496 1163 1537 litteram
1211 1510 1350 1551 pravo
1395 1497 1743 1550 reduplieai-unt,

268 1575 426 1615 deinde
458 1573 673 1628 gliscente
704 1574 832 1623 vitio,
863 1588 993 1628 quum
1023 1574 1082 1615 ita
1113 1574 1372 1615 vocabulum
1400 1589 1566 1629 semper
1596 1583 1741 1616 natum

268 1661 403 1705 esset,
433 1661 655 1693 extremas
675 1651 875 1706 syllabas
906 1665 1019 1706 quae
1042 1665 1129 1692 non
1154 1652 1237 1692 nisi
1267 1652 1513 1692 terminatio
1533 1652 1742 1707 longioris

266 1732 390 1772 vocis
407 1737 574 1783 essent,
590 1745 670 1783 pro
690 1730 822 1783 pleno
844 1729 1060 1770 vocabulo
1081 1730 1328 1771 habuerunt
1344 1737 1476 1785 atque
1493 1745 1548 1772 ex
1566 1732 1742 1787 ingenio

268 1810 503 1850 emendare
537 1809 682 1849 conati
714 1816 826 1849 sunt.
887 1809 1016 1856 Quod
1052 1809 1090 1848 si
1121 1810 1264 1851 animo
1296 1811 1598 1864 reputaveris,
1642 1826 1740 1865 pro-

266 1890 381 1930 xime
413 1889 467 1928 ad
490 1902 638 1928 veram
671 1888 933 1941 scripturam
965 1902 1062 1928 eam
1093 1889 1314 1930 accedere
1345 1888 1578 1942 intelliges,
1611 1902 1741 1944 quam

267 1966 414 2007 ultimo
453 1966 550 2007 loco
596 1966 745 2020 posui,
792 1979 846 2006 ac
886 1967 1024 2019 prima
1069 1965 1241 2019 syllaba
1273 1973 1436 2006 mutata
1466 1968 1740 2020 aptissimum

266 2045 525 2085 adieetivum
574 2043 864 2085 nancisceris.
945 2043 1060 2090 Quid
1105 2043 1266 2083 multa?
1314 2045 1600 2085 scribendum
1648 2052 1739 2086 est:

266 2125 388 2163 cuius
429 2123 780 2178 imperatoria
810 2127 872 2161 est
898 2136 1030 2162 mens,
1091 2120 1362 2162 Gradatione
1396 2124 1507 2163 enim
1538 2137 1646 2165 usus
1671 2134 1741 2165 est

267 2202 429 2242 Plinius
459 2201 683 2241 rhetorico
714 2199 865 2253 generi
892 2199 1063 2240 dicendi
1087 2213 1296 2255 perquam
1316 2202 1663 2250 accommodata,
1694 2210 1740 2242 ut

265 2281 320 2320 ad
368 2292 579 2320 summam
623 2278 726 2319 elati
776 2277 905 2317 animi
946 2278 1171 2318 vesaniam
1219 2279 1430 2331 gradibus
1477 2281 1736 2334 quibusdam

265 2359 541 2401 ascenderet.
611 2358 846 2410 inceperat
871 2370 897 2396 a
924 2357 1126 2410 corporis
1156 2357 1342 2407 viribus,
1378 2367 1465 2398 tum
1488 2358 1574 2399 loci
1600 2358 1736 2400 Hora·

264 2438 367 2478 tiani
399 2437 520 2490 (Sat.
538 2436 587 2475 11.
607 2435 645 2476 6.
657 2435 740 2489 49)
772 2448 938 2476 memor
967 2435 1023 2476 ad
1055 2434 1252 2477 alumnos
1283 2436 1522 2489 Fortunae,
1551 2438 1623 2492 qui
1651 2439 1736 2478 iam

266 2516 447 2556 liliieius
468 2527 570 2555 csse
585 2513 666 2553 sibi
689 2513 965 2566 videbantur,
996 2514 1159 2568 pergit3
1191 2516 1345 2555 transit
1374 2516 1532 2556 deinde
1562 2516 1618 2555 ad
1643 2529 1735 2563 eOS,

265 2594 336 2648 qui
366 2606 416 2634 se
443 2593 498 2632 ad
529 2591 828 2645 imperandum
859 2599 988 2633 natos
1018 2606 1120 2633 esse
1148 2593 1488 2644 arbitrabantur,
1520 2595 1641 2647 ipsos
1663 2596 1735 2636 im-

265 2681 499 2729 peratores
537 2679 579 2712 et
616 2671 687 2725 qui
729 2670 824 2711 fore
864 2678 910 2711 ut
939 2671 1293 2725 adipiscerentur
1324 2673 1550 2726 imperium
1581 2687 1735 2727 spera-

265 2753 384 2804 bant,
406 2757 633 2806 postremo
665 2747 888 2803 Caligulas
920 2755 964 2790 et
991 2747 1184 2804 reliquos
1215 2748 1452 2804 significat,
1482 2751 1576 2806 qui,
1605 2765 1735 2807 quum
