1914 3237
146 1454 222 1494 132

259 137 337 179 106
860 131 992 174 Liber
1023 131 1107 174 VI.

255 259 523 313 Euphratem
553 261 724 310 petens.
762 254 869 298 Inde
898 255 1130 312 colligitur,
1159 253 1381 297 vocabula
1412 269 1464 296 ac
1480 253 1722 297 Seleuciam

255 336 372 379 facili
415 336 605 390 quodam
648 348 803 377 errore
844 336 885 377 in
927 335 1044 376 hune
1081 335 1269 376 alienum
1306 334 1453 375 locum
1491 335 1721 390 migrasse.

254 415 433 457 Scilicet
462 428 590 469 quum
620 415 660 455 in
692 414 993 470 antiquissimo
1024 413 1177 455 codice
1217 414 1271 453 ad
1305 414 1425 467 prius
1459 413 1720 455 vocabulum

252 493 494 535 Seleuciam
525 494 565 534 in
597 495 793 548 margine
831 500 1084 534 annotatum
1115 501 1237 534 esset
1266 493 1510 534 Seleuciam
1538 491 1722 547 Babylo·

252 574 370 614 uiam
399 574 482 627 (ita
511 575 623 614 enini
651 573 1068 628 cognominabatur,
1101 572 1162 616 cs.
1182 573 1220 629 ᾗ.
1240 573 1330 612 122.
1351 581 1393 613 et
1416 571 1530 625 133),
1561 571 1721 612 accidit

251 660 296 694 ut
326 653 399 707 qui
430 651 720 707 archetypum
752 652 908 692 librum
937 651 1128 706 scripsit,
1161 651 1227 692 his
1244 652 1390 692 verbis
1408 652 1446 690 in
1471 650 1591 690 Plinii
1618 663 1721 691 ora·

252 732 411 772 tionem
443 733 639 785 receptis
669 730 854 772 alterum
888 731 1004 785 quod
1022 730 1293 784 sequebatur
1313 729 1596 784 Babyloniam
1621 742 1720 769 cum

250 809 448 852 Seleucia
485 808 774 850 confunderet
812 816 944 862 atque
983 807 1226 850 Seleuciam
1272 821 1508 861 germanae
1545 807 1719 849 lectioni

251 890 546 931 substitueret.
610 888 738 935 Quod
769 889 806 928 si
837 887 1135 938 concesseris,
1165 887 1248 926 iam
1281 900 1334 926 ex
1365 886 1558 927 obscura
1585 885 1718 926 salsa·

249 981 333 1022 que
363 968 604 1022 perspicua
632 967 830 1007 redditur
859 965 998 1006 Plinio
1032 965 1172 1006 oratio
1201 964 1301 1006 loco
1332 965 1391 1004 ita
1422 964 1683 1006 constituto:

307 1096 353 1102 -
388 1069 583 1110 lustratis
612 1067 824 1109 iiioizlibus
856 1065 1207 1123 Gordyaeorum,
1248 1067 1390 1107 inter
1425 1062 1719 1106 Seleuciam

304 1154 349 1190 et
398 1146 783 1203 Ctesiphontem
828 1153 1036 1197 vectus,
1085 1147 1201 1186 circa
1242 1146 1481 1202 Apameam
1522 1146 1719 1186 Ille-senes

305 1226 503 1284 oppidum
536 1226 645 1266 citra
675 1224 917 1267 Seleuciam
948 1223 1129 1266 CXXV
1150 1225 1202 1266 M
1228 1239 1270 1280 p.
1309 1223 1471 1264 divisus
1499 1224 1545 1264 in
1575 1223 1719 1266 alveos

304 1306 424 1360 duos,
455 1305 590 1346 allero
619 1303 842 1346 meridiem
872 1318 923 1345 ac
951 1302 1298 1360 Babyloniam
1325 1303 1432 1359 petit
1459 1301 1539 1344 rel.

787 1439 885 1488 130
904 1463 954 1483 z
973 1439 1168 1487 ibidem.

317 1543 417 1591 Sed
450 1543 591 1605 longo
622 1547 844 1604 tempore
874 1540 1162 1604 Euphraten
1190 1539 1477 1605 praeclusae
1500 1539 1717 1587 Orcheni

315 1642 373 1681 et
409 1633 604 1681 accolae
644 1648 787 1695 agros
834 1631 1075 1696 rigantes,
1120 1647 1211 1678 nec
1258 1629 1351 1677 nisi
1389 1646 1479 1694 per
1526 1629 1714 1695 Tigrim

313 1723 532 1772 defertur
568 1722 616 1770 in
648 1738 797 1769 mare.

360 1834 594 1875 Orchenos
607 1832 878 1884 Chaldaeos,
899 1846 1010 1887 quos
1028 1832 1085 1873 ad
1100 1834 1322 1875 meridiem
1340 1833 1610 1888 habitasse§.
1624 1831 1716 1873 1⁶23.

248 1913 480 1966 retulerat,
511 1913 566 1952 ad
596 1912 821 1952 Persicum
852 1912 992 1952 sinum
1021 1911 1216 1953 collocat
1240 1911 1518 1953 Ptolemaeus
1535 1910 1662 1951 V.19.
1675 1910 1715 1960 Ξ,

248 2000 379 2047 atque
408 1992 480 2032 hic
510 1991 659 2032 fossas
691 1989 787 2030 illas
819 1998 952 2045 atque
983 1991 1212 2031 emissaria
1244 2003 1409 2043 aggere
1432 1989 1595 2029 inunita
1613 2001 1716 2029 esse

247 2074 403 2127 quibus
433 2083 576 2127 aquae
593 2069 781 2110 fluminis
811 2069 853 2110 in
883 2082 989 2110 arva
1006 2069 1340 2117 ‹liducebantur,
1369 2066 1716 2109 etStraboXVI.

247 2167 285 2205 p.
302 2151 395 2190 741.
428 2158 469 2190 et
501 2163 627 2204 quem
658 2148 930 2202 potissimum
965 2149 1127 2190 Plinius
1156 2149 1365 2203 sequitur,
1395 2146 1513 2187 Mela
1538 2144 1714 2187 111.S.5.

246 2230 532 2271 tradiderunt.
589 2227 792 2281 Apparet
822 2229 972 2281 igitur,
1011 2229 1126 2282 quod
1157 2227 1240 2267 iam
1270 2227 1379 2280 ipsis
1405 2226 1551 2266 verbis
1585 2225 1717 2266 inodo

247 2307 391 2348 allatis
442 2308 792 2356 demonstratur,
852 2306 1088 2348 Orchenos
1134 2306 1246 2347 illius
1293 2304 1457 2345 laboris
1505 2312 1717 2344 auctores

247 2386 470 2441 perhiberi
506 2399 647 2439 neque
688 2384 814 2425 aliam
847 2393 1042 2439 gentem,
1082 2398 1194 2440 quae
1232 2385 1275 2425 in
1317 2384 1400 2424 hae
1435 2383 1608 2438 quidem
1649 2396 1716 2424 re-

248 2466 378 2518 gione
415 2463 556 2518 qualis
595 2463 747 2514 suerit,
787 2465 961 2518 penitus
999 2465 1236 2519 ignoratur.
1315 2463 1502 2505 Accedit
1537 2461 1653 2517 quod
1691 2475 1716 2502 e

247 2543 395 2585 verbis
428 2542 564 2592 Plinii,
593 2542 721 2583 sicuti
752 2557 868 2584 nunc
894 2543 1113 2599 leguntur,
1145 2543 1341 2584 Orcheni
1368 2543 1423 2583 ab
1451 2539 1615 2582 accolis
1632 2539 1715 2580 Eu-

248 2622 418 2678 phratis
451 2621 788 2675 distinguuntur,
818 2630 864 2662 ut
897 2623 1116 2677 quomodo
1142 2636 1166 2664 e
1188 2621 1364 2663 flumine
1396 2620 1539 2661 alieno
1567 2617 1715 2659 fossas

250 2702 416 2742 ducere
447 2700 680 2753 potuerint,
711 2714 767 2742 ne
797 2700 1062 2754 intelligatur
1089 2701 1276 2756 quidem.
1333 2700 1466 2740 lnnno
1498 2699 1619 2752 ipsos
1645 2711 1715 2738 ac-

251 2778 374 2821 colas
409 2777 550 2821 fuisse
583 2787 925 2822 consentaneum
953 2788 1040 2822 est:
1077 2779 1275 2821 deleatur
1311 2779 1439 2832 igitur
1469 2778 1715 2831 importuna
