1914 3237
248 147 327 192 156
785 151 903 190 Liber
930 150 1115 190 XXVII.

247 278 446 319 vitiosum
470 278 607 319 locum
627 291 721 320 esse
747 278 822 320 sed
839 292 1035 320 mancum
1045 277 1306 320 Dioscoridis
1323 278 1462 321 verbis
1471 278 1542 321 IV.
1555 279 1610 324 26
1628 280 1712 322 effi-

245 356 364 396 citur.
395 355 522 396 Plinii
536 355 646 396 enim
666 356 759 397 libri
779 370 804 397 a
819 356 858 398 R
875 356 913 396 V
931 356 957 398 d
976 361 1126 398 caulem
1147 361 1304 408 lonqum
1321 363 1364 399 et
1374 360 1535 399 hirsutis
1545 358 1712 414 legunt3

244 432 532 474 lacluceaRd.
557 434 829 476 Dioscorides
848 439 989 476 autem
1001 435 1179 486 καυλὸν,
1197 435 1345 491 inquit,
1363 433 1513 491 α’νίησι
1528 436 1713 494 μακρὸν,

246 509 406 566 ὀρθὸν,
453 511 644 565 τραχὺν,
689 513 995 568 παραφυάδας
1040 511 1199 566 ἔχοντα
1228 514 1422 565 πολλὰς,
1478 518 1714 571 πηχυαίας,

243 593 462 645 τραχείας·
495 593 568 632 καὶ
588 587 656 632 ἐπ’
689 589 841 640 αὐταῖς
875 591 990 646 ἄνθη
1012 591 1162 648 μικρὰ,
1191 594 1537 649 πορφυρίζοντα.
1569 593 1712 636 Facile

243 668 369 723 igitur
401 667 674 723 intelligitur,
722 673 763 708 et
792 667 966 710 verbum
1007 682 1089 725 quo
1128 671 1356 712 accusativi
1395 676 1599 727 reguntur
1614 704 1624 722 ‚
1670 677 1713 714 et

243 745 420 786 alterum
453 745 707 788 adiectivum
738 747 902 802 τραχύν
925 747 1160 789 excidisse:
1193 748 1344 804 quibus
1375 749 1579 804 suppletis
1610 750 1711 791 scri-

241 824 426 865 bendum
451 829 535 865 est:
568 828 611 865 L.
632 829 654 867 l.
687 839 722 875 q.
755 829 939 866 lactucae
965 828 1074 874 soliis
1096 825 1180 880 (sic
1195 826 1374 882 recteI.)
1398 841 1431 869 c.
1463 831 1609 868 caulem
1628 831 1709 868 lon-

240 917 331 954 yum
361 907 541 944 emittit
564 902 639 954 (cf.
650 902 811 944 XVIII.
824 904 889 956 57,
908 902 1028 959 XXI.
1044 904 1122 955 97)
1155 907 1426 958 hirsutum,
1455 907 1616 947 hirsutis
1637 905 1711 948 rel.

132 990 214 1035 584
820 1008 882 1056 98
909 1030 951 1048 =
976 1008 1130 1065 11,74.

307 1091 387 1142 alii
425 1092 709 1158 diospyron‚
746 1092 825 1142 alii
862 1092 1144 1144 HeracleOS.

354 1179 441 1222 Scr.
473 1184 543 1221 aliz·
574 1183 668 1222 Dios
691 1194 824 1234 pyron
842 1215 852 1235 ‚
898 1186 968 1223 alii
998 1185 1264 1234 Heracleus,
1293 1186 1340 1224 ut
1370 1186 1435 1224 est
1461 1183 1504 1224 in
1536 1196 1562 1224 a
1590 1182 1630 1224 R
1659 1183 1708 1223 V.

129 1267 210 1310 585
578 1262 669 1310 102
693 1284 736 1303 =
761 1263 834 1319 11,
871 1264 947 1310 77.
990 1261 1080 1320 (de
1117 1260 1374 1321 leucade).

306 1346 535 1412 Speciem
591 1349 694 1398 eius
740 1354 967 1399 auctores
1012 1365 1109 1400 non
1160 1350 1378 1408 tradunt,
1437 1365 1529 1399 nec
1579 1348 1711 1398 aliud

305 1450 449 1500 quam
484 1435 761 1486 silvestrem
796 1436 1049 1489 latioribus
1086 1437 1214 1489 foliis
1238 1453 1349 1487 esse
1371 1437 1711 1496 efficaciorem,

306 1524 433 1573 hanc
470 1525 654 1574 semine
675 1526 928 1576 acriorem.

348 1611 540 1654 Dioscor.
572 1613 648 1654 III.
682 1614 780 1658 103:
827 1615 984 1666 λευκὰς
1025 1613 1170 1672 ὀρεινὴ
1202 1615 1599 1670 πλατυφυλλοτέρα
1636 1618 1709 1669 τῆς

237 1689 398 1747 ἡμέρου
442 1689 564 1742 ἐστὶ,
611 1692 871 1750 δριμύτερόν
908 1709 955 1736 τε
1001 1697 1075 1736 καὶ
1114 1693 1375 1749 πικρότερον
1424 1690 1590 1746 ἔχουσα
1633 1692 1711 1734 τὸν

235 1770 407 1825 καρπὸν
453 1773 527 1811 καὶ
569 1769 890 1828 οἶστομώτερον·
941 1772 1271 1828 δραστικωτέρα
1313 1773 1463 1825 μέντοι
1507 1769 1711 1823 τυγχάνει

235 1852 304 1903 τῆς
325 1845 500 1903 ἡμέρου.
530 1848 678 1905 Itaque
701 1863 785 1890 non
814 1853 919 1892 hanc
940 1850 1015 1891 sed
1038 1864 1096 1891 ac
1113 1850 1320 1891 scribatur
1338 1853 1516 1904 oportet,
1548 1850 1708 1889 acriore

238 1939 260 1967 c
292 1925 412 1969 codd.
449 1927 687 1982 recipiatur.

126 2048 207 2092 586
803 2031 894 2079 109
916 2051 966 2073 =
988 2031 1144 2087 1285,

306 2114 534 2166 Othonna
571 2117 618 2165 in
657 2115 798 2181 Syria
845 2118 1083 2176 nascitur,
1136 2117 1306 2167 similis
1344 2131 1542 2175 erucae,
1596 2130 1707 2181 per-

302 2204 468 2254 foratis
506 2205 676 2255 crebro
715 2203 867 2264 foliis,
918 2205 1038 2255 ssore
1092 2206 1251 2264 croci,
1308 2219 1457 2270 quare
1508 2203 1704 2268 quidam

305 2307 579 2342 anemonen
619 2298 938 2343 vocaverunt.

346 2384 512 2433 coelia,
544 2385 655 2421 coece·
683 2381 832 2436 reliqui
862 2381 1029 2423 codices
1060 2380 1308 2423 rectissime.
1343 2382 1561 2421 Anemone
1592 2381 1702 2420 enim

235 2463 322 2512 ,aut
353 2459 618 2514 phoenicium
648 2459 793 2500 florem
823 2459 964 2513 habet,
996 2474 1104 2516 quae
1128 2464 1170 2501 et
1194 2458 1487 2514 copiosissima
1518 2462 1596 2509 est,
1630 2461 1702 2498 aut

233 2550 489 2591 purpureum
503 2537 782 2578 autlacteum‘
810 2537 1094 2592 (XX1.164);
1127 2551 1298 2579 coccum
1329 2535 1561 2585 autem(cf.
1580 2533 1699 2575 XXI.

234 2616 311 2664 45)
347 2628 371 2655 a
401 2614 622 2669 phoenicio
667 2615 807 2657 colore
846 2630 929 2657 non
975 2615 1202 2658 abhorrere
1233 2614 1504 2665 Dioscorides
1535 2613 1588 2653 II.
1618 2612 1699 2655 207

236 2693 474 2745 confirmat,
524 2694 755 2735 secundum
786 2708 910 2750 quem
941 2707 1148 2736 anemone
1194 2694 1330 2736 sativa
1359 2691 1381 2749 ἦ
1411 2693 1491 2747 μὲν
1518 2690 1698 2747 φοινικᾶ

235 2775 361 2830 φέρει
389 2772 443 2813 τὰ
474 2772 606 2830 ἄνθη,
636 2771 658 2829 ἡ
690 2773 739 2814 δὲ
762 2771 1000 2824 ὑπόλευκα,
1033 2772 1406 2831 ἢγαλακτίζοντα,
1430 2771 1452 2829 ἢ
1473 2777 1700 2830 πορφυρᾶ,
