1914 3237
299 161 353 207 82
892 164 1008 203 Liber
1031 165 1151 204 XIX.

294 299 516 344 precantur
544 305 569 332 a
593 291 642 344 d,
686 296 742 332 ad
770 296 993 333 caminum
1024 291 1095 333 rel.
1128 306 1163 344 c⁷
1194 291 1406 334 exhibent.
1463 291 1532 333 Ad
1560 306 1664 348 quos
1695 293 1759 334 Ia-

299 383 377 409 nus
418 369 585 421 rediens
614 383 758 410 vocem
779 378 819 409 ul
850 375 891 410 ct
924 375 1020 411 antc
1051 385 1087 412 v.
1120 373 1258 410 laetius
1287 369 1463 410 inseruit
1493 374 1535 410 et
1564 376 1661 411 ante
1691 359 1758 411 Cu-

297 452 439 487 me'nnm
468 447 616 488 litteris
652 451 707 488 ad
735 461 784 488 ca
815 447 1042 488 substituit.
1101 449 1192 501 Ego
1235 460 1331 488 vcro
1363 446 1450 487 Sill.
1489 452 1664 489 eatenus
1695 461 1759 489 as-

298 525 468 577 sentior,
501 524 613 579 quod
644 539 750 579 quac
783 525 824 565 in
857 524 1071 565 codicibus
1104 525 1312 578 leguntur,
1345 525 1658 579 interpolationi
1688 524 1760 566 de-

298 602 387 643 beri
417 603 614 654 arbitror,
662 614 798 656 neque
829 607 969 642 tamen
1001 602 1213 642 cuminum
1242 615 1266 642 a
1295 601 1431 642 Plinio
1463 615 1548 643 non
1579 615 1761 643 comme·

297 681 451 721 morari
481 680 728 734 putavcrim.
769 679 937 719 Scilicet
967 678 1128 718 Plinius
1162 677 1266 719 duos
1297 683 1490 719 auctores
1519 693 1602 720 uno
1635 692 1761 721 sensu

298 758 483 798 imitatus
524 762 607 797 cst:
655 756 993 810 Theophrastum
1036 756 1106 810 qui
1144 754 1237 797 VII.
1278 758 1315 797 3.
1361 756 1385 797 3
1425 756 1476 796 de
1514 757 1679 798 cumino
1721 761 1763 798 et

299 835 577 876 Columellam
622 834 691 888 qui
721 833 795 874 Xl.
828 834 852 875 3
883 848 921 888 p.
953 833 1033 876 45ss
1064 833 1129 873 ed.
1160 832 1253 887 Bip.
1293 832 1345 873 de
1386 833 1522 874 ocimo
1553 834 1651 888 egit.
1710 833 1764 876 Et

297 913 366 955 ille
397 912 564 967 quidem
597 911 648 952 de
681 912 847 951 cumino
878 910 984 951 haec
1003 910 1190 951 dixerat:
1222 910 1337 952 ἶδιον
1357 911 1406 952 δὲ
1426 914 1500 953 καὶ
1530 911 1553 953 ὃ
1584 913 1764 963 λέγουσι

297 991 408 1032 κατὰ
438 989 609 1031 τούτοιν
642 992 753 1044 φασὶ
780 989 862 1044 γὰρ
894 989 986 1030 δεῖν
1015 992 1307 1045 καταρᾶσθαί
1331 1003 1378 1030 τε
1395 992 1468 1030 καὶ
1489 990 1763 1044 βλασφημεῖν

298 1071 557 1124 σπείροντας
586 1065 628 1108 εἰ
653 1067 798 1121 μέλλει
826 1066 962 1108 καλὸν
993 1064 1187 1108 ἔσεσθαι
1217 1069 1290 1107 καὶ
1318 1066 1447 1112 πολύ.
1478 1065 1597 1114 Quae
1626 1055 1771 1108 vorbis

296 1146 502 1187 Plinianis
536 1159 620 1186 cum
653 1169 700 1174 —-
730 1149 952 1196 proveniat,
986 1149 1072 1184 tam
1093 1149 1288 1185 accurate
1321 1143 1592 1199 respondent,
1623 1150 1670 1186 ut
1699 1144 1764 1185 his

298 1224 502 1264 translata
535 1236 627 1263 esse
667 1222 902 1262 videantur.
960 1220 1109 1276 Itaque
1141 1220 1482 1276 frequentissimo
1525 1235 1664 1262 errore
1695 1235 1763 1263 ac-

298 1302 451 1343 cidisse
483 1301 694 1355 suspicor⁷
741 1304 786 1339 ut
817 1303 989 1353 propter
1027 1299 1244 1354 utriusque
1294 1299 1407 1340 vocis
1448 1298 1764 1340 similitudinem

298 1384 493 1421 cuminum
525 1383 622 1418 ante
657 1377 833 1417 alteram
876 1376 1102 1418 excideret.
1161 1376 1396 1418 Columella
1426 1382 1566 1418 autem
1598 1376 1650 1419 de
1680 1377 1765 1418 oci-

298 1471 461 1498 morum
496 1456 660 1496 satione
701 1455 807 1495 hacc
838 1455 1063 1509 praecipit:
1113 1468 1304 1509 ‚quorum
1335 1469 1429 1496 cum
1468 1468 1613 1496 semen
1645 1455 1766 1497 obru-

298 1541 385 1576 tum
419 1539 503 1586 est,
551 1534 774 1587 diligenter
803 1533 1038 1573 inculcatur
1070 1533 1275 1587 pavicula‘
1316 1541 1416 1586 etc„
1461 1546 1569 1588 quac
1606 1533 1764 1573 Plinius

297 1614 356 1654 ita
399 1612 634 1667 expressit:
693 1620 780 1651 salo
831 1614 995 1662 pcwe'lm·
1050 1618 1158 1650 terra
1209 1611 1414 1665 simulque
1471 1611 1764 1666 superstitiosa

299 1691 485 1733 carmina
517 1703 624 1745 quae
672 1690 713 1729 in
744 1688 822 1729 hac
866 1702 1030 1744 quoque
1073 1689 1245 1729 satione
1267 1689 1425 1729 cantari
1465 1689 1591 1730 solita
1617 1702 1710 1730 esse
1741 1701 1767 1729 a

296 1770 442 1810 Persio
474 1768 547 1809 IV.
581 1767 633 1810 22
677 1766 897 1819 docemur,
947 1771 1260 1808 commemorat.
1320 1766 1480 1814 Quibus
1525 1767 1664 1808 verbis
1714 1780 1765 1808 eo

297 1861 379 1904 quo
410 1847 621 1901 pertinent
653 1845 916 1900 transpositis
946 1845 1005 1887 ita
1035 1859 1129 1887 cum
1162 1849 1339 1899 utroque
1385 1849 1557 1886 auctore
1586 1845 1766 1900 scriptor

297 1924 610 1967 conciliabitur:

353 2007 462 2044 Nihil
497 2006 621 2044 cosmo
657 2004 869 2051 fecundius
880 2015 894 2049 ;
933 2007 1022 2041 sato
1055 2004 1220 2052 pavitur
1257 2008 1389 2053 terra,
1422 2004 1682 2051 precantibus
1718 2014 1768 2041 ne

352 2090 480 2123 eareat.
544 2084 744 2122 Cnminum
775 2092 862 2119 cum.
894 2082 1112 2119 maledictis
1144 2104 1185 2108 —-
1218 2082 1439 2129 provenias.

406 2162 441 2213 ς’.
478 2159 566 2201 124.
625 2157 860 2198 Broticrius
891 2160 1032 2197 {calore
1070 2160 1184 2197 recte
1226 2156 1413 2210 scripsit,
1458 2155 1606 2208 §.126
1635 2156 1764 2197 [anus

296 2254 389 2282 cum
421 2238 542 2280 codd.
574 2231 733 2276 incubis.

185 2399 266 2443 405
526 2374 616 2418 129
655 2384 703 2403 Ξ
741 2370 866 2425 839.
943 2366 1032 2426 (de
1068 2365 1247 2415 intubis
1282 2364 1520 2430 loquitur)

360 2463 583 2507 seruntur
627 2472 776 2505 verno
816 2454 1009 2520 planiae
1050 2469 1230 2513 eorum,
1270 2453 1435 2503 ultimo
1467 2470 1583 2503 vcre
1609 2460 1767 2503 trans-

366 2549 594 2595 l'crnntur.

404 2635 577 2683 Aliquot
619 2645 785 2672 mensos
832 2631 955 2682 ‚inter
990 2631 1182 2670 lactucae
1213 2643 1355 2670 semen
1387 2629 1672 2683 plantamque‘
1704 2628 1764 2668 in-

295 2712 510 2754 tcrccdcrc
553 2714 588 2761 ξ.
624 2710 697 2751 [30
722 2709 918 2759 traditur,
961 2707 1072 2762 quod
1103 2721 1229 2761 quum
1263 2708 1388 2747 etiam
1436 2705 1487 2746 de
1517 2706 1661 2746 intubo
1693 2719 1764 2747 va-

296 2794 394 2844 lcat,
426 2786 810 2842 interpungendum
841 2786 937 2826 erit:
