1914 3237
246 119 324 159 178
840 118 970 159 Liber
999 119 1133 161 XIV.

247 250 369 284 certa
388 243 647 282 coniectura
669 240 848 296 explere
878 255 966 283 non
996 242 1115 293 licet,
1145 241 1410 283 adiectivum
1429 241 1566 286 fuisse
1585 256 1715 284 voca-

246 319 346 361 bulo
366 319 497 359 denso
524 321 791 362 contrarium
812 320 1089 364 manifestum
1107 328 1186 363 est.
1228 321 1379 375 Itaque
1410 329 1593 376 propter
1621 323 1717 363 soni

248 399 576 452 litterarumque
617 398 938 440 similitudinem
979 414 1134 457 maqno
1174 399 1395 441 excidisse
1425 406 1548 454 puto.
1623 399 1717 440 Ma·

252 488 358 529 guas
390 476 503 518 enim
534 476 704 518 visulae
735 490 845 518 uvas
875 475 1016 518 fuisse
1046 490 1070 518 e
1103 475 1377 518 Columellae
1396 477 1463 519 111.
1481 476 1519 518 2.
1553 478 1717 518 descri—

252 555 396 608 ptione
423 554 656 610 colligitur.
719 555 809 602 Qui
834 554 1021 608 argitim,
1052 552 1154 595 licet
1180 554 1320 596 visula
1341 556 1550 596 minorem
1582 556 1719 597 vastis

263 633 342 675 ivis
373 634 671 683 exuberasse,
716 632 899 674 visulam
936 632 1023 674 lato
1057 632 1162 675 solio
1207 633 1375 676 fructus
1407 623 1518 676 tueri
1548 643 1716 678 narrat.

244 711 507 754 ,indecoram
540 711 659 764 visu,
702 711 781 751 sed
813 710 1045 752 iucundam
1076 724 1240 765 sapore
1273 726 1376 753 esse
1411 712 1574 754 Plinius
1595 712 1714 770 §.Q

247 789 400 840 refert,
432 789 588 845 quales
615 799 716 830 sunt
747 802 857 844 quas
888 788 1019 830 hodie
1047 790 1342 844 „pizzutelle“
1361 791 1456 832 Itali
1475 792 1716 845 appellant.

248 871 532 924 Quapropter
556 868 596 909 in
619 881 714 909 eam
739 868 1000 909 sententiam
1027 882 1095 909 me
1116 868 1326 910 inclinare
1347 868 1511 916 fateor,
1540 877 1586 910 ut
1601 869 1718 911 hanc

248 948 403 1002 ipsam,
434 946 474 986 in
497 946 665 988 Latinis
690 946 955 1001 Sabinisque
982 944 1165 988 collibus
1194 944 1611 1001 frequentissimam,
1643 961 1717 988 ve-

247 1036 385 1068 terum
412 1025 600 1068 visulam
633 1039 736 1067 esse
767 1026 968 1067 arbitrer.

360 1128 404 1168 ln
435 1127 735 1182 sequentibus-

142 1223 224 1263 228
847 1205 908 1253 36
926 1228 976 1248 =
997 1204 1042 1265 3,
1063 1204 1109 1251 4.

317 1296 571 1362 Siquidem
617 1295 798 1344 Tuscis
844 1294 1107 1360 peculiaris
1163 1303 1238 1341 est
1277 1295 1527 1343 Tudernis
1573 1304 1717 1360 atque

318 1388 461 1436 etiam
497 1386 754 1434 nominis
787 1383 1055 1432 Florentia,
1089 1383 1180 1431 Est
1217 1383 1375 1447 opima
1400 1384 1597 1432 Arretio
1634 1386 1718 1432 tal-

317 1495 444 1544 pona
473 1483 552 1524 rel.

251 1569 427 1625 egregie
483 1567 677 1621 Silligius
736 1565 929 1606 coniecit
987 1564 1219 1621 legendum
1281 1577 1383 1605 esse
1434 1563 1715 1619 coquominis3

249 1662 362 1703 quac
393 1660 501 1688 vero
534 1653 769 1699 praeterea
804 1651 969 1684 mutare
1000 1642 1149 1692 voluit,
1181 1643 1341 1696 optime
1373 1641 1584 1695 explicari
1617 1655 1716 1694 pos·

249 1736 364 1767 sunt.
403 1726 501 1766 Uva
519 1723 741 1764 Florentia
771 1721 935 1775 oppido
967 1719 1242 1773 cognominis
1270 1718 1364 1769 fuit,
1399 1719 1513 1773 quod
1537 1733 1560 1759 a
1581 1718 1718 1759 Plinio

250 1819 336 1845 non
355 1804 616 1845 nominatur.
648 1800 867 1841 Arretium
892 1798 1090 1852 possidet
1122 1796 1308 1838 fertilem
1339 1797 1560 1851 talponam
1591 1796 1718 1838 alias-

250 1896 335 1937 que
366 1895 449 1922 non
479 1881 645 1935 pariter
671 1877 852 1931 opimas.

144 1995 226 2035 229
816 1965 878 2012 38
897 1987 946 2008 --
966 1964 1161 2012 ibidem.

317 2060 614 2109 Vinaciolam
653 2057 742 2106 soli
779 2063 1019 2104 noverunt
1048 2053 1215 2103 Sabini
1254 2061 1302 2101 et
1338 2053 1659 2102 Laurenti.
1912 2046 1914 2093 l

360 2161 421 2201 lta
445 2159 578 2213 vulgo
610 2158 814 2200 scribitur
844 2155 912 2196 vel
940 2162 1125 2210 propter
1144 2154 1494 2195 terminationem
1515 2153 1718 2195 vocabuli

249 2240 466 2279 Lam-enei
493 2238 661 2286 vitiose,
691 2244 738 2277 ut
768 2242 893 2277 recte
925 2234 1231 2275 animadvertit
1252 2232 1460 2286 Silligius‚
1491 2234 1560 2288 qui
1593 2247 1717 2288 repe-

249 2320 335 2358 rire
365 2330 416 2358 se
446 2330 534 2357 non
565 2315 763 2368 potuisse
795 2313 877 2365 ait,
921 2311 1023 2366 qnid
1066 2310 1136 2351 hie
1178 2309 1348 2351 lateret.
1412 2311 1497 2352 Pro
1530 2309 1721 2351 laurenti

250 2395 380 2437 codd.
409 2395 506 2435 acd
542 2394 647 2434 dant
686 2391 896 2443 calamati,
928 2390 1045 2431 unde
1077 2397 1201 2431 certa
1234 2390 1538 2431 emendatione
1570 2389 1717 2432 efficio

252 2472 458 2522 Caleni,
501 2484 684 2526 quorum
715 2469 813 2509 vina
844 2481 943 2508 cum
975 2466 1150 2509 Sabinis
1184 2468 1312 2508 etiam
1344 2468 1460 2523 apud
1492 2467 1717 2508 Horatium

250 2550 393 2593 Carm.
409 2551 440 2591 1.
459 2548 526 2589 20.
546 2549 583 2590 9.
614 2554 949 2602 componuntur.
1009 2545 1146 2588 Simili
1178 2545 1430 2600 corruptela
1460 2546 1573 2588 infra
1593 2547 1629 2603 §.
1647 2546 1715 2588 65.

247 2645 329 2686 pro
366 2629 531 2671 Calena
563 2629 658 2670 cod.
690 2640 717 2667 a
747 2625 926 2669 exhibet
958 2624 1174 2669 Ualentia.

143 2758 224 2798 230
845 2727 910 2775 47
930 2749 980 2771 =
1000 2711 1049 2787 4',
1073 2728 1119 2775 5.

315 2821 524 2870 Ceterae
550 2819 672 2868 vites
704 2818 949 2866 miscellae
977 2832 1204 2865 maxume
1228 2814 1277 2862 in
1306 2814 1522 2878 quemvis
1544 2830 1713 2879 agrum
