1914 3237
749 175 868 214 Liber
898 174 1080 214 XXVII.
1569 168 1649 211 153

551 309 617 355 60
651 320 705 341 ==
742 305 868 361 838.
913 303 1004 362 (de
1043 301 1281 360 circaea).
1677 333 1756 376 574

248 394 453 445 Diluitur
488 394 535 442 in
587 392 701 442 vino
752 391 1029 454 bibiturque
1077 390 1138 438 ad
1190 389 1409 440 dolorem
1468 388 1646 438 vulvae

248 487 296 533 et
332 482 469 542 vitia;
504 479 739 530 macerari
774 482 967 544 oportet
1003 478 1049 526 in
1087 478 1311 527 sextariis
1343 478 1496 527 tribus
1529 493 1649 542 qua-

248 570 468 619 drantem
505 568 683 617 radicis
702 570 1045 617 tunsaenocte
1075 570 1122 615 et
1145 566 1238 615 die.
1276 565 1440 616 Trahit
1475 567 1649 617 eadem

249 658 381 724 potio
420 661 467 706 et
503 657 775 720 secundas3
813 657 998 706 semine
1019 653 1095 704 lac
1112 654 1404 704 minuiturin
1430 655 1540 705 vino
1564 654 1648 705 rel.

290 745 407 788 Libri
445 745 564 787 MSS.
605 748 743 785 minuit
757 760 771 795 ;
817 744 1052 786 rectissime
1111 742 1338 783 dummodo
1387 743 1649 785 Dioscoridis

178 825 271 866 loco
292 828 534 880 comparato
565 823 667 874 (ΙΙΙ.
686 822 785 866 124:
815 820 837 877 ἦ
870 820 968 879 ῥίζα
1003 819 1321 877 ἀποκαθαίρει·
1352 820 1374 865 ὁ
1405 822 1454 864 δὲ
1484 821 1651 878 καρπὸς

178 903 292 956 γάλα
318 905 553 960 κατασπᾷ)
576 901 705 943 verba
734 901 794 942 ita
815 900 1073 955 distinguas:
1107 903 1194 950 die;
1228 903 1351 942 trahit
1367 925 1422 931 -
1438 903 1649 942 secundas.

183 984 336 1023 Semine
364 985 427 1022 lac
457 984 594 1021 minuit
628 980 707 1034 (sc.
741 978 945 1034 circaea).

782 1061 843 1107 63
864 1081 924 1101 =
942 1059 1068 1115 8,40-
1680 1076 1761 1122 575

247 1145 473 1196 bibentes
509 1145 755 1196 mulieres,

291 1238 509 1274 mulierum
557 1233 660 1275 aR2
698 1238 833 1287 recte,
881 1247 937 1274 sc.
969 1232 1131 1275 Graece
1163 1232 1345 1287 dictum,
1393 1233 1502 1275 sicut
1533 1234 1569 1288 §-
1599 1233 1653 1277 87

179 1315 499 1364 putrescentibus
527 1317 714 1353 ulcerum.

753 1393 813 1440 64
851 1412 892 1430 =
930 1392 1056 1448 8‚41.

252 1478 561 1540 (Crocodilei
580 1479 745 1538 radix)
774 1484 890 1544 pota
915 1477 1208 1543 sanguinem
1245 1494 1333 1544 per
1369 1494 1511 1529 nares
1549 1479 1653 1545 pel-

250 1567 304 1618 lit
340 1569 595 1634 copiosum
633 1582 950 1632 crassumque
988 1571 1134 1632 atque
1179 1567 1245 1616 ita
1279 1567 1436 1618 lienes
1475 1584 1654 1619 consu-

247 1673 379 1708 mere
418 1657 606 1707 dicitur.

291 1747 410 1787 Itane
460 1745 591 1787 vero‘?
650 1744 856 1800 sanguine
905 1758 980 1798 per
1026 1757 1151 1785 nares
1198 1745 1353 1799 pulso?
1409 1745 1562 1799 Ἰσ-χύει
1592 1746 1654 1799 δὲ,

1682 1356 1763 1401 576

183 1823 454 1865 Dioscorides
485 1824 620 1879 inquit
650 1822 727 1866 ΙΙΙ.
759 1823 825 1874 10,
870 1819 892 1876 ἦ
934 1820 1034 1878 ῥίζα
1074 1823 1280 1872 ζεσθεῒσα
1326 1820 1374 1866 ἐν
1412 1822 1544 1867 ὕδατι
1584 1828 1658 1867 καὶ

184 1905 398 1958 πινομένη
430 1902 553 1955 ἄγειν
588 1901 701 1944 πολὺ
734 1900 843 1955 αἷμα
875 1900 949 1942 διὰ
991 1897 1227 1956 ῥωθώνων·
1268 1901 1442 1944 δίδοται
1479 1902 1536 1944 δὲ
1568 1906 1658 1944 καὶ

188 1981 441 2035 σπληνικοῒς
497 1977 690 2036 ἐναργῶς
733 1977 986 2033 ὠφελοῦσα.
1045 1978 1162 2020 Voce
1207 1980 1334 2034 igitur
1380 1985 1435 2021 ita
1473 1993 1582 2036 quae
1612 1981 1654 2022 in

187 2058 309 2100 bonis
325 2057 540 2099 codicibus
571 2071 596 2099 a
613 2056 700 2098 RV
722 2057 812 2099 sola
832 2056 1052 2113 reperitur,
1083 2070 1178 2099 cum
1200 2066 1318 2110 atque
1335 2071 1387 2100 ex
1408 2073 1430 2100 c
1445 2058 1471 2100 d
1492 2063 1654 2100 tantum

183 2135 397 2188 afferatur,
418 2140 609 2177 correcta
625 2135 895 2177 scribendum
923 2139 1008 2176 est:
1041 2149 1308 2189 crassumque,
1339 2142 1425 2178 item
1448 2141 1557 2178 lienis
1579 2138 1653 2178 rel.

750 2229 812 2275 75
847 2240 901 2259 =
938 2229 1063 2284 9‚51.
1606 2276 1613 2281 .,

247 2313 507 2380 Enipetros
544 2329 688 2378 quam
728 2313 882 2363 nostri
920 2313 1230 2380 calcifragam
1276 2321 1458 2365 vocant
1494 2317 1654 2366 nasci-
1684 2255 1764 2299 577

246 2406 324 2451 tur
358 2402 404 2451 in
440 2401 687 2452 montibus
724 2402 998 2461 maritimiS,
1046 2402 1164 2462 [fere
1217 2403 1264 2453 in
1302 2411 1470 2468 saxo];
1525 2420 1651 2469 quae

249 2491 451 2556 propius
488 2489 604 2539 mari
641 2489 784 2539 fuerit
820 2489 950 2540 salsa
986 2496 1060 2541 est
1097 2491 1182 2541 rel.

289 2577 385 2620 Non
415 2579 457 2619 in
488 2579 708 2620 maritimis
738 2580 951 2621 montibus
982 2581 1168 2621 nascitur
1196 2580 1270 2621 sed
1292 2581 1335 2621 in
1359 2581 1579 2622 maritimis
1610 2586 1652 2623 et

181 2656 411 2709 montibus,
441 2653 490 2699 ἐν
518 2658 755 2713 παραλίοις
785 2661 858 2700 καὶ
889 2656 1075 2714 ὀρεινοῖς
1105 2659 1247 2699 Diosc.
1279 2658 1352 2699 IV.
1388 2659 1476 2703 178.
1507 2659 1651 2701 Facile

182 2738 322 2776 autem
353 2735 547 2790 copulam
592 2735 722 2777 inseri
762 2736 906 2778 licebit
952 2750 1080 2792 quum
1129 2739 1308 2792 primum
1352 2738 1540 2793 glossam
1588 2738 1650 2778 in-

180 2816 322 2869 eptam
351 2813 670 2855 removerimus.
728 2813 838 2856 Nam
869 2815 1008 2857 verbis
1044 2817 1131 2865 fere
1176 2819 1217 2857 in
1246 2830 1350 2858 saxo
1391 2830 1499 2874 quae
1539 2831 1650 2860 nunc
