1914 3237
711 192 845 234 Liber
876 192 928 235 V.
1501 189 1558 231 73

202 318 249 359 ln
277 315 566 373 sequentibus
604 315 642 371 §.
671 314 738 355 61.
771 314 906 355 miror
943 315 1095 369 sperni
1136 327 1162 354 a
1193 313 1288 358 Sill.
1333 314 1557 369 egregiam

87 395 300 438 Harduini
351 394 728 444 emendationem,
783 392 855 447 qui
903 405 959 433 ex
1007 391 1172 435 Herod.
1205 393 1254 433 ll.
1286 392 1376 436 147.
1432 393 1557 448 oppi-

88 475 189 517 dum
224 476 417 529 ignotum
457 471 636 514 Crialon
675 471 716 513 in
758 469 1014 513 Crocodilon
1052 471 1243 512 mutavit.
1318 472 1559 514 Praeterea

89 560 133 596 et
162 551 276 609 §.63
306 553 350 593 et
376 552 538 606 ubique
570 564 594 592 e
623 550 752 592 codd.
785 549 1056 591 restituenda
1089 556 1157 590 est
1187 562 1400 604 germana
1423 551 1558 592 nomi-

86 631 156 672 nis
187 629 356 672 Canobi
385 628 547 678 forma,
578 641 691 683 quae
720 629 849 670 etiam
881 628 998 682 apud
1030 628 1293 670 Strabonem
1322 627 1493 683 legitur.

199 709 237 765 §.
257 708 321 749 64.
359 716 402 750 et
437 721 464 748 a
493 707 693 749 Pintiano
735 714 778 749 et
816 705 1039 762 aliquanto
1075 705 1294 749 infelicius
1335 720 1361 748 a
1391 706 1561 763 Silligio

88 794 290 830 tentatur.
347 786 480 828 Ianus
511 793 657 828 autem
686 793 808 827 recte
839 785 1013 840 quidem
1043 785 1086 825 in
1111 784 1267 826 Diurn.
1286 786 1421 842 antiq.
1439 785 1562 827 1849.

87 881 129 921 p.
143 866 237 907 465.
253 865 419 920 Silligio
447 864 713 908 Bolbitinum
743 872 846 905 ante
867 863 1215 905 Heracleoticum
1245 864 1459 907 inserenti
1486 865 1562 906 ob-

88 945 192 987 iecit
221 944 475 985 Naucratim
511 943 554 984 in
593 943 773 985 sinistra
812 943 957 997 magni
993 943 1184 986 fluminis
1216 944 1312 1000 ripa
1344 944 1475 999 longe
1506 944 1562 985 ab

91 1023 206 1065 ostio
238 1022 456 1065 Bolbitino
490 1023 620 1064 sitam
659 1021 824 1075 fuisse,
866 1035 1019 1064 verum
1059 1023 1103 1064 in
1146 1036 1200 1065 eo
1242 1024 1406 1066 erravit
1444 1023 1563 1079 quod

87 1101 258 1143 fossam
295 1115 409 1155 quae
448 1099 590 1142 lacum
621 1101 854 1143 Mareotim
884 1115 984 1143 cum
1015 1101 1114 1142 Nilo
1149 1102 1448 1157 coniungebat
1476 1102 1563 1157 (cf.

89 1179 558 1234 Strab.XV11.p.803)
589 1194 672 1234 pro
701 1180 841 1221 amnis
861 1179 1045 1221 brachio
1077 1179 1228 1222 habuit
1258 1189 1301 1222 et
1327 1182 1564 1224 Strabonis

89 1257 193 1300 loco
226 1257 363 1300 XVII.
395 1274 439 1313 p.
462 1257 570 1302 801.Υ
599 1258 714 1300 male
756 1258 980 1313 explicato
1031 1259 1199 1301 abusus
1236 1266 1316 1301 est.
1398 1259 1564 1301 Sanum

91 1336 216 1379 Plinii
243 1336 385 1379 locum
416 1350 520 1379 esse
564 1338 680 1379 sicut
710 1336 844 1391 vulgo
873 1335 1032 1392 legitur
1060 1336 1295 1393 intelliges,
1329 1339 1564 1381 dummodo

87 1416 333 1473 proximum
370 1431 457 1458 non
489 1418 649 1459 ostium
679 1416 761 1458 sed
788 1416 1054 1459 Heracleum
1084 1430 1187 1460 esse
1216 1418 1510 1473 reputaveris

657 1517 720 1565 72
741 1539 792 1562 =
813 1519 894 1579 16,
918 1518 998 1566 15.

158 1617 410 1684 Prospicit
440 1635 550 1666 eum
582 1618 787 1681 (lacum
810 1618 1182 1685 ,Asphaltitety
1221 1620 1288 1667 ab
1323 1619 1566 1668 oriente

160 1708 342 1759 Arabia
359 1708 651 1769 Nomadum,
682 1726 710 1757 a
738 1727 784 1758 m
799 1709 993 1759 eridie
1014 1709 1325 1772 Machaerus,
1350 1710 1567 1759 secunda

162 1799 403 1865 quondam
440 1816 529 1848 arx
558 1799 773 1848 Iudaeae
810 1801 868 1848 ab
903 1799 1287 1865 Hierosolymis.

205 1889 336 1931 Falso
376 1888 490 1930 haec
521 1889 634 1930 tradi
673 1898 853 1944 praeter
891 1889 1003 1932 alios
1032 1891 1248 1946 Forbiger
1282 1889 1448 1944 Geogr.
1479 1896 1568 1930 ant.

96 1968 184 2012 vol.
200 1968 249 2011 11.
270 1967 414 2022 p.727.
437 1968 764 2019 animadvertit,
794 1983 924 2024 quum
948 1968 1220 2012 Machaerus
1242 1970 1452 2024 oppidum
1480 1983 1569 2011 inti-

95 2048 350 2090 nitissimum
382 2047 438 2087 ad
469 2047 681 2088 orientem
713 2045 838 2089 lacus
875 2049 1219 2103 septentrionem
1251 2063 1410 2091 versus
1439 2050 1568 2092 situm

96 2134 229 2169 esset.
258 2126 405 2181 Atque
421 2125 664 2168 Callirroen
684 2124 864 2178 fontem,
886 2140 1014 2182 quem
1037 2127 1078 2167 in
1105 2128 1261 2169 eodem
1284 2128 1424 2170 latere
1443 2131 1570 2171 lacus

95 2207 193 2261 ipse
223 2206 387 2248 Plinius
413 2208 559 2248 statim
588 2207 809 2258 nominat,
845 2206 1079 2247 iordanem
1110 2220 1282 2248 amnem
1313 2209 1369 2249 ab
1400 2208 1572 2250 oriente

97 2286 389 2341 prospexisse
423 2286 703 2329 Ptolemaeus
718 2284 770 2327 V.
803 2273 866 2327 16'.
888 2284 928 2325 9.
959 2284 1111 2335 tradit,
1147 2299 1287 2340 prope
1319 2287 1462 2340 ipsum
1493 2299 1572 2341 op-

99 2365 246 2419 pidum
278 2364 470 2406 collocat
498 2365 717 2420 Iosephus
746 2364 814 2405 De
845 2363 947 2407 bell.
977 2364 1182 2416 lumvn,
1203 2365 1245 2407 6.
1264 2365 1306 2417 3,
1338 2378 1467 2421 quem
1498 2365 1571 2405 mi-

97 2443 213 2484 nime
251 2443 425 2485 dubium
462 2451 532 2485 est
574 2445 628 2486 (le
667 2443 879 2485 Callirroe
914 2443 1046 2498 loqui.
1108 2444 1380 2488 lnclaruerat
1415 2445 1571 2499 paucis

98 2522 227 2564 annis
257 2530 359 2563 ante
388 2536 517 2577 quam
537 2523 704 2564 Plinius
736 2536 849 2576 opus
879 2523 1093 2565 naturalis
1124 2524 1335 2567 historiae
1359 2526 1573 2567 conderet

98 2600 213 2643 bello
230 2601 409 2643 ludaico
432 2601 683 2643 difficillima
701 2601 931 2643 obsidione
953 2609 997 2643 et
1013 2615 1038 2643 a
1055 2603 1223 2645 Lucilio
1241 2604 1384 2646 Basso
1401 2618 1573 2646 summa

99 2681 255 2723 virium
287 2682 568 2723 contentione
599 2694 735 2736 aegre
760 2688 950 2736 captum.
1008 2679 1234 2724 Hanccine
1266 2683 1395 2737 igitur
1421 2684 1572 2725 urbem

101 2759 196 2802 viro
238 2761 533 2803 eruditissimo
572 2769 806 2815 tantopere
844 2760 1113 2815 incognitam
1148 2761 1307 2812 fuisse,
1357 2762 1412 2804 de
1447 2763 1573 2804 cuius

104 2837 189 2879 situ
218 2838 458 2882 falsissima
487 2840 699 2891 traderet,
728 2840 823 2882 eius
841 2841 1103 2895 praesertim
1121 2841 1257 2893 urbis,
1290 2855 1418 2897 quam
1442 2855 1468 2882 a
1488 2841 1574 2882 Ro-

1589 1527 1645 1568 97
