1914 3237
700 180 818 218 Liber
849 178 1010 218 XVIII.
1528 175 1580 218 65

119 308 174 350 ad
204 308 382 349 alterum
414 307 490 348 rivi
524 307 593 361 qui
625 319 677 346 ex
708 319 909 360 aquarum
940 305 1133 346 ductibus
1154 305 1344 357 influunt,
1377 317 1399 345 e
1430 304 1581 345 castel-

118 387 168 427 lis
198 386 384 441 privatis,
415 385 458 425 iu
489 384 637 438 quibus
667 383 756 423 iure
789 395 926 437 aquae
957 383 1207 436 impetratae
1239 397 1264 423 a
1293 381 1466 437 privatis
1498 380 1581 421 col-

118 463 375 519 ligebantur,
407 461 458 502 de
483 474 563 515 quo
593 461 683 500 iure
716 459 848 500 multa
880 459 991 514 apud
1019 458 1266 499 Frontinum
1299 459 1498 513 reperies,
1531 457 1583 499 ab

117 540 334 582 Iordansio
366 539 408 579 in
428 538 582 591 libello,
624 551 704 592 quo
726 537 777 577 de
808 537 985 592 publicis
1007 536 1172 577 urbium
1203 536 1369 577 Romae
1402 543 1443 576 et
1474 534 1584 576 Con-

119 616 415 671 stantinopolis
447 615 779 670 aquaeductibus
812 616 919 670 egit,
969 627 1077 654 anno
1109 612 1452 654 MDCCCXLIV
1494 612 1583 653 dili-

118 699 265 750 genter
297 694 546 749 explicatae.
586 695 733 748 Itaque
764 692 877 748 apud
909 692 1090 733 Plinium
1122 691 1221 732 vitio
1252 691 1363 746 quod
1396 704 1418 731 e
1448 690 1587 731 vicina

117 786 219 814 voce
246 776 382 824 pluvia
413 772 639 826 irrepserat
671 770 836 811 sublato
867 770 1033 825 legatur
1066 773 1252 824 oportet:

172 875 223 880 ——
255 863 380 901 eaque
408 864 514 902 aqua
540 854 676 902 pluvia
705 852 834 900 re'qari
863 863 883 888 v
901 852 945 888 el
965 851 1140 900 publica.

674 963 768 1008 259
790 980 848 999 =
867 960 1025 1016 28‚67.
1376 949 1383 955 ⁶
1615 954 1691 999 3711

185 1058 347 1108 Herba
384 1087 443 1093 -—
479 1087 538 1095 —-
578 1059 792 1123 pessima
827 1056 1059 1106 nummuli
1096 1086 1154 1093 —
1192 1056 1348 1104 invisa
1378 1060 1424 1117 et
1452 1053 1588 1118 equi-

184 1147 333 1196 saetis
370 1151 458 1195 est.

227 1233 427 1275 Nostrum
457 1233 595 1274 locum
625 1233 787 1274 Plinius
815 1232 976 1274 XXVI.
1007 1232 1087 1275 132
1130 1231 1195 1272 his
1225 1231 1364 1273 verbis
1395 1229 1587 1284 respicit:

119 1313 397 1367 ,equisaetum
435 1311 623 1366 hippuris
656 1310 830 1352 Graecis
871 1310 983 1351 dicta
1022 1317 1063 1352 et
1109 1310 1151 1350 in
1181 1309 1312 1364 pratis
1351 1309 1589 1363 vituperata

118 1391 274 1444 nobis‘3
305 1390 448 1445 itaque
480 1390 669 1430 neutrius
699 1389 866 1444 generis
899 1389 1119 1444 genetivus
1141 1391 1335 1439 equisaeti
1364 1386 1589 1427 restituen-

121 1468 201 1510 dus
232 1473 308 1509 est.

680 1580 770 1627 261
793 1580 1022 1635 ε-28,6’ἴ.
1619 1572 1701 1618 372

182 1666 216 1715 F
220 1666 397 1716 aicium
432 1665 641 1731 ipsarum
674 1666 770 1714 duo
809 1679 1019 1729 genera:
1056 1663 1273 1712 Italicum
1309 1662 1507 1712 brevius
1531 1689 1588 1697 —

187 1754 446 1804 Galliarum
499 1753 753 1803 latifundia
804 1752 998 1802 maioris
1051 1751 1354 1816 compendii3
1409 1750 1589 1814 quippe

187 1843 374 1892 inedias
412 1842 625 1892 caedunt
659 1841 852 1890 herbas..

231 1932 279 1970 In
310 1931 481 1985 vulgata
511 1930 690 1971 lectione
722 1934 764 1970 et
792 1928 966 1970 verbum
999 1927 1266 1968 desideratur
1299 1931 1340 1967 et
1370 1925 1592 1981 genetivus

123 2007 340 2062 displicet,
398 2015 722 2062 corruptumque
769 2007 907 2047 locum
962 2019 1056 2047 esse
1109 2004 1264 2046 codicis
1315 2018 1339 2045 a
1388 2005 1595 2059 scriptura

122 2089 342 2127 maioribus
387 2089 610 2138 conpendia
662 2085 852 2126 efficitur.
910 2083 1059 2138 Neque
1103 2087 1245 2124 tamen
1297 2097 1392 2124 cum
1433 2082 1594 2137 Silligio

122 2163 324 2205 nonnulla
356 2164 487 2205 verba
516 2163 726 2204 excidisse
755 2162 1004 2218 putaverim,
1037 2175 1131 2202 cum
1161 2174 1248 2201 una
1276 2161 1418 2201 littera
1432 2165 1595 2201 mutata

123 2242 248 2282 scribi
265 2246 472 2296 praestet:

179 2322 397 2360 Galliarum
429 2319 641 2368 lalIsmvde'a
672 2321 913 2370 maionem,
962 2319 1213 2369 compendio
1256 2320 1412 2370 quippe,
1442 2320 1594 2358 medias

179 2399 349 2437 caedunt
374 2399 533 2439 herbas.

123 2473 335 2515 Particula
366 2474 477 2515 enim
506 2477 653 2525 quippe
680 2473 843 2514 Plinius
877 2472 1029 2514 eodem
1060 2471 1185 2513 modo
1232 2471 1360 2513 utitur
1391 2485 1472 2527 quo
1503 2471 1592 2513 fere

123 2556 273 2593 scilicet
292 2552 530 2593 adhibetur.

688 2644 783 2689 262
803 2662 862 2682 =
881 2642 1040 2698 28,67.
1621 2664 1701 2708 373

190 2728 292 2777 Itali
327 2729 573 2778 feniseces
608 2743 703 2777 una
724 2742 868 2776 manu
905 2731 1089 2776 secant.

236 2819 341 2858 Italic'
365 2819 503 2866 fenum
533 2830 584 2858 ex
614 2820 761 2858 dextra
788 2829 869 2857 zma
899 2829 1019 2856 manu
1047 2820 1182 2856 secant
1210 2827 1248 2867 a,
1280 2815 1407 2855 Italus
1432 2816 1593 2864 fenisex
