1914 3237
284 141 337 184 24
881 152 999 191 Lz'ber
1027 153 1143 192 XVI.

353 273 629 337 dripertitos
666 295 897 330 venarum
935 297 1105 331 cursus
1133 282 1408 348 bifidosque
1433 284 1648 350 habeant
1665 287 1742 337 vel

346 363 542 413 omnino
580 367 841 432 simplices,

390 448 669 506 Theophrast.
716 455 765 499 V.
814 460 850 500 l.
882 458 927 502 9:
981 457 1076 501 ἔστι
1122 460 1204 517 γὰρ
1254 458 1274 516 ἢ
1315 461 1412 514 μὲν
1450 463 1682 516 τετραξόος
1720 463 1742 519 ἧ

280 526 330 567 δε
347 527 517 581 δίξοος,
548 545 727 587 quocum
750 538 960 579 consentit
989 538 1110 579 codd.
1141 538 1175 597 T
1199 538 1225 578 d
1254 539 1377 580 lectio
1401 543 1600 594 bifidosve,
1630 541 1743 583 haud

281 603 408 647 dubie
437 610 693 664 recipienda.

169 728 252 774 289
524 738 615 785 197
651 754 694 774 11-
735 742 811 797 39,
851 745 927 790 76.
964 744 1074 791 204.
1112 745 1279 790 205:
1309 718 1491 800 40‚’76.

394 833 624 890 Utriusque
664 839 743 879 loci
783 840 1064 895 interpunctio
1103 841 1350 882 emendetur
1379 846 1557 896 oportet.
1618 842 1673 884 Et
1701 843 1743 884 in

291 911 422 953 altero
460 914 650 969 quidem,
697 918 737 958 in
772 933 853 974 quo
898 924 1063 961 montes
1101 919 1199 960 Iura
1239 925 1280 961 et
1319 920 1513 975 Vosegus
1552 934 1576 961 a
1606 920 1745 962 Gallia

282 990 391 1030 male
421 992 547 1047 vulgo
594 994 983 1051 distinguebantur,
1029 998 1351 1053 coniungendae
1391 1003 1488 1039 sunt
1530 1013 1654 1041 voces
1700 1000 1743 1040 in

285 1069 416 1108 Gallia
455 1072 617 1111 Iuribus
656 1088 704 1114 ac
741 1083 869 1117 monle
917 1080 1065 1127 Vesevo
1109 1076 1183 1121 (de
1222 1077 1371 1130 plurali
1416 1078 1526 1117 enim
1568 1091 1742 1119 numero

286 1148 396 1185 [ures
414 1146 446 1188 I.
479 1162 516 1203 p.
537 1150 591 1193 37
621 1165 703 1193 non
736 1155 835 1195 satis
856 1155 1159 1209 circumspecte
1191 1153 1493 1207 dubitaveram,
1528 1169 1635 1210 quae
1668 1155 1738 1198 IV.

284 1224 333 1264 15
365 1226 490 1267 etiam
523 1229 678 1270 codicis
710 1232 748 1272 A
778 1234 1049 1285 auctoritate,
1088 1232 1163 1273 ΠΙ.
1197 1232 1247 1274 31
1290 1237 1331 1273 et
1360 1232 1397 1274 h.
1430 1233 1454 1275 l.
1486 1234 1742 1288 reliquorum
1796 1238 1801 1240 “

280 1302 471 1344 codicum
516 1319 723 1349 consensu
765 1310 1050 1365 defenditur);
1082 1311 1123 1351 in
1156 1311 1286 1351 altero
1325 1310 1605 1365 Theophrasti
1625 1311 1742 1353 locus

277 1380 389 1421 unde
418 1382 579 1424 Plinius
613 1399 689 1426 sua
719 1390 897 1443 sumpsit
926 1389 977 1430 V.
1008 1391 1045 1433 3.
1083 1391 1098 1431 l
1132 1388 1186 1429 ad
1215 1388 1519 1429 restituendam
1550 1389 1741 1431 codicum

277 1458 501 1500 lectionem
532 1467 646 1504 recte
677 1465 866 1507 adhiberi
896 1467 1072 1509 videtur.
1132 1467 1250 1515 Quae
1282 1467 1391 1507 enim
1418 1467 1529 1521 apud
1559 1467 1741 1509 Plinium

278 1535 495 1590 leguntur:

168 1623 281 1669 290·
345 1626 627 1678 Celebratur
671 1636 718 1680 et
755 1633 1004 1683 Thericles
1050 1626 1243 1683 nomine
1289 1632 1467 1683 calices
1513 1650 1570 1683 ex
1622 1640 1744 1684 tere-

343 1715 512 1766 bintho
569 1719 764 1770 solitus
788 1721 948 1771 faeere
995 1727 1160 1770 torno:
1225 1737 1458 1787 perquam
1514 1722 1744 1787 probatur

343 1806 568 1855 materies

280 1890 363 1940 (ita
395 1892 504 1933 enim
536 1894 679 1943 codd,
718 1909 800 1936 non
833 1904 946 1937 torno
983 1910 1058 1947 per
1103 1911 1213 1947 quem
1260 1897 1371 1952 quod
1410 1910 1432 1938 e
1463 1897 1634 1952 vulgata
1662 1896 1741 1938 lee-

277 1969 390 2009 tione
425 1969 465 2010 S.
498 1974 703 2025 servavit)
740 1988 832 2014 cum
865 1974 1180 2029 Theophrasto,
1222 1976 1291 2029 qui
1340 1989 1432 2015 cum
1466 1975 1523 2016 ait
1564 1974 1741 2030 τορνεύ-

276 2051 414 2089 εσθαι
445 2049 493 2090 δὲ
524 2047 571 2099 ἐξ
601 2049 746 2092 αὐτῶν
783 2055 856 2092 καὶ
886 2051 1061 2101 κύλικας
1093 2054 1390 2107 θηρικλείους,
1431 2052 1542 2094 ὥστε
1573 2052 1738 2106 μηδένα

274 2124 330 2166 ἂν
367 2126 607 2178 διαγνῶναι
653 2128 762 2182 πρὸς
800 2129 876 2178 τὰς
920 2132 1158 2184 κεραμέας,
1204 2131 1336 2185 ipsam
1377 2130 1616 2181 materiem,
1652 2143 1735 2169 non

275 2203 475 2244 artificem
507 2204 673 2258 laudat,
713 2210 797 2246 tam
838 2207 1007 2261 egregie
1047 2208 1309 2262 conspirant,
1357 2212 1402 2248 ut
1432 2206 1533 2247 nihil
1565 2207 1733 2247 omnino

274 2279 517 2321 offensionis
539 2288 755 2323 remaneat
780 2298 916 2339 neque
948 2284 1050 2325 Iano
1068 2285 1382 2326 assentiendum
1414 2298 1508 2324 esse
1529 2283 1734 2334 videatur,

274 2357 342 2410 qui
374 2371 424 2397 ea
455 2372 562 2412 quac
593 2360 752 2401 Plinius
784 2366 829 2401 ut
860 2377 895 2402 V.
927 2363 1220 2418 τορνεύεσθαι
1261 2363 1607 2416 interpretaretur
1638 2375 1734 2401 con-

274 2434 408 2475 iunxit
439 2441 533 2489 post
564 2452 597 2478 v.
631 2439 795 2486 ,fizcflre‘
826 2439 1163 2493 intel-pungendo
1195 2439 1367 2480 divellit.
1428 2439 1586 2480 Contra
1623 2438 1733 2479 idem

275 2513 451 2567 scriptor
483 2514 531 2554 V.
563 2518 599 2554 2.
639 2516 653 2555 l
696 2515 772 2568 τὴν
804 2515 1050 2571 αἵνιανικὴν
1081 2517 1263 2558 abietem
1295 2531 1388 2557 cum
1421 2520 1734 2566 commemoret,

275 2594 386 2629 recte
433 2604 456 2630 a
500 2591 687 2631 Barbare
731 2594 766 2645 ξ.
809 2593 879 2635 197
913 2598 1130 2635 ,romanica
1170 2609 1252 2635 non
1285 2599 1496 2635 Aeneam-a
1534 2593 1731 2646 seriptum

274 2681 367 2707 csse
399 2668 589 2721 efficitur,
623 2670 721 2710 item
749 2671 839 2711 loco
872 2672 920 2712 V.
952 2672 989 2714 3.
1024 2674 1038 2714 l
1073 2672 1346 2714 certissimam
1380 2671 1573 2712 Salmasii
1597 2684 1732 2710 emen·

275 2744 485 2786 dationem
519 2747 553 2798 ξ.
584 2748 663 2788 204
693 2752 928 2798 &tetrasemo
947 2754 1046 2790 lotos
1085 2755 1283 2802 (scissffmu
1313 2754 1410 2790 lotos
1444 2749 1492 2802 a)
1526 2749 1732 2790 immerito
