1914 3237
687 198 806 238 Liber
838 197 1000 238 XVIII.
1079 252 1096 280 ἓ
1516 194 1569 239 57

114 326 168 368 ad
186 327 368 382 priorem
402 327 516 367 illam
534 327 782 380 scripturam
801 324 1037 377 redierunt,
1068 339 1146 366 nec
1178 331 1319 366 tamen
1349 325 1451 365 nihil
1479 324 1575 365 falsi

110 405 382 460 reliquerunt.
416 404 469 444 Et
490 404 667 458 primum
697 402 865 454 quidem
896 403 979 442 iam
1011 403 1052 442 in
1085 416 1133 442 eo
1164 402 1283 453 libro,
1315 402 1426 443 unde
1443 403 1574 443 nostri

113 484 317 538 originem
350 481 584 533 duxerunt,
623 485 843 535 peccatum
867 493 962 520 esse
992 479 1180 534 pluribus
1211 481 1471 535 argumentis
1505 480 1576 521 de-

111 567 387 602 monstratur:
419 563 559 599 vicena
590 559 700 598 enim
732 558 879 599 habuit
897 572 1019 613 quem
1053 571 1273 598 numerum
1293 557 1520 598 absurdum
1537 562 1579 598 et

111 639 153 680 in
177 642 270 679 bina
299 643 358 679 vel
384 641 466 678 bini
493 637 739 678 mutandum
776 650 869 677 esse
902 635 1184 677 Schneiderus
1216 635 1268 675 ad
1299 634 1420 675 Varr.
1453 634 1504 674 de
1534 649 1578 677 re

110 723 212 757 rust.
243 716 357 758 142
387 717 562 757 monuit.
625 715 757 755 Varro
800 713 1129 769 sesquimodium
1170 727 1274 768 opus
1316 725 1409 753 esse
1450 713 1578 754 tradi-

113 795 185 847 dit,
216 795 454 836 accuratius
487 793 721 835 Columella
752 792 806 833 ΙΙ.
846 793 903 834 10.
925 793 991 845 27,
1023 805 1145 847 quem
1171 791 1332 832 Plinius
1363 796 1579 832 auctorem

111 873 300 929 sequitur
329 878 494 914 tantum
524 873 605 913 seri
636 871 771 924 iussit,
803 878 862 922 ,ut
892 870 1045 925 singuli
1076 870 1216 925 cyathi
1248 869 1420 910 seminis
1442 870 1579 910 locum

112 955 422 1005 occup(ar)ent
467 950 613 991 decem
658 949 812 1004 pedum
865 949 1037 1004 longum
1092 954 1134 989 et
1180 948 1363 1003 quinque
1420 948 1579 988 latum.‘

112 1028 249 1076 Quum
284 1038 426 1069 autem
457 1028 610 1082 singuli
641 1027 769 1068 modii
788 1027 1072 1082 quadragenis
1104 1028 1266 1067 octonis
1288 1025 1450 1081 cyathis
1483 1039 1580 1067 con-

111 1111 236 1158 stent,
268 1119 352 1146 non
381 1106 553 1146 vicenos
585 1105 659 1146 sed
691 1105 812 1147 binos
844 1105 1008 1146 modios
1039 1104 1218 1146 aPlinio
1249 1104 1462 1145 numerari
1485 1118 1581 1145 con-

111 1189 360 1224 sentaneum
394 1188 469 1224 est.
529 1182 696 1224 Deinde
737 1184 918 1223 activum
948 1187 1096 1223 adurat
1135 1182 1247 1238 quod
1284 1183 1326 1223 in
1367 1182 1582 1224 codicibus

111 1276 136 1303 a
166 1275 188 1302 e
219 1262 384 1317 legitur,
418 1261 614 1317 quodque
627 1261 926 1316 Dalecampius
958 1261 1085 1302 etiam
1105 1262 1146 1301 in
1179 1260 1268 1303 cod.
1306 1262 1343 1303 Θ
1374 1261 1582 1315 reperisse

111 1340 324 1395 putandus
359 1344 442 1392 est,
492 1344 605 1380 recte
637 1339 688 1380 ab
720 1339 942 1380 Harduino
983 1339 1315 1394 emendatum*)
1364 1339 1405 1379 in
1437 1338 1583 1380 arche-

111 1426 211 1473 typo
243 1419 443 1472 scriptum
473 1418 626 1470 fuisse,
673 1419 927 1472 interpolata
957 1431 1060 1459 voce
1091 1422 1195 1458 dura
1235 1431 1360 1472 quam
1391 1418 1426 1458 T
1457 1416 1482 1457 d
1513 1430 1583 1457 ex-

111 1496 282 1548 hibent,
343 1496 532 1537 efficitur.
592 1496 785 1551 Denique
818 1497 977 1551 aliquot
1016 1497 1177 1537 litteras
1218 1496 1326 1536 inter
1364 1508 1584 1536 numerum

114 1582 155 1615 et
187 1574 436 1629 gerundium
478 1576 639 1616 inedias
686 1575 900 1615 exstitisse
943 1588 1051 1629 quae
1103 1587 1230 1614 sensu
1271 1580 1484 1624 carerent,
1544 1580 1585 1614 et

113 1653 463 1708 interpolatorum
496 1659 537 1694 et
567 1653 821 1707 1·eliquorum
872 1658 1040 1707 praeter
1073 1652 1110 1692 D
1146 1652 1347 1692 librorum
1378 1651 1585 1692 varietate

114 1731 334 1772 indicatur.
393 1732 451 1772 D1
484 1732 594 1771 enim
634 1731 762 1771 habet
793 1734 982 1771 avendum
1013 1730 1164 1770 litteris
1207 1742 1315 1785 quae
1348 1742 1431 1769 non
1461 1729 1584 1769 intel-

113 1810 353 1864 ligebantur
382 1809 570 1861 omissis,
618 1809 676 1848 1)”2
709 1814 822 1849 recte
864 1812 1094 1849 cavendum.
1153 1806 1274 1847 Haec
1313 1807 1441 1861 igitur
1474 1815 1584 1859 sunt,

115 1889 265 1942 partim
323 1888 406 1928 iam
446 1893 656 1939 correcta,
716 1887 869 1941 partim
927 1885 1180 1940 corrigenda
1237 1883 1432 1925 codicum
1463 1884 1583 1926 MSS.

115 1971 322 2006 monstra:
382 1968 520 2004 vicena
566 1968 838 2004 imnovendam
869 1978 914 2015 a,
963 1968 1099 2005 vicena
1140 1968 1178 2003 in
1223 1967 1454 2004 movendum
1492 1963 1584 2004 cod.

114 2043 300 2089 Turnebi
331 2043 401 2097 qui
431 2043 574 2083 nescio
606 2057 705 2083 num
737 2042 789 2082 ab
812 2055 837 2082 a
855 2042 1047 2082 diversus
1065 2042 1205 2094 fuerit,
1237 2046 1366 2082 vicina
1387 2045 1585 2081 vindemia

114 2125 216 2161 dura
247 2120 367 2161 codd.
399 2121 434 2161 T
458 2121 482 2161 d
513 2120 637 2161 foede
659 2119 913 2175 interpolati.
946 2120 993 2160 In
1017 2120 1167 2174 quibus
1199 2122 1389 2159 avendum
1410 2119 1521 2175 quod
1543 2120 1582 2159 in

112 2199 203 2240 cod.
236 2199 273 2239 D
306 2204 465 2252 exstat,
511 2199 598 2239 fere
629 2199 838 2253 integrum
878 2198 1132 2253 reperimus3
1178 2211 1286 2252 quae
1316 2197 1581 2252 praecedunt

85 2265 251 2317 *ulcerea
282 2281 358 2317 inm
391 2281 482 2317 orta
513 2284 610 2317 sunt
641 2290 663 2316 e
693 2275 847 2316 mendo
879 2276 1036 2317 codicis
1069 2276 1288 2331 archetypi
1332 2282 1374 2316 et
1402 2275 1583 2331 primum

115 2354 429 2409 transponendo
469 2354 754 2408 corriguntur,
806 2368 903 2394 nam
949 2358 1040 2394 vina
1080 2355 1104 2395 i.
1138 2367 1171 2396 e.
1205 2357 1297 2394 bina
1348 2353 1511 2409 syllaba
1541 2368 1584 2394 ce

114 2433 273 2473 inserta
305 2432 561 2486 discerptum
591 2432 682 2472 fuit.
742 2431 832 2471 lam
857 2444 954 2472 vero
987 2445 1091 2486 quas
1123 2433 1183 2472 sic
1206 2432 1489 2473 nanciscimur
1519 2431 1582 2471 lit-

114 2516 226 2550 teras
252 2514 455 2550 vz'nacenm
487 2523 509 2550 e
542 2509 706 2550 duobus
739 2509 908 2550 vocibus
941 2516 1158 2562 constant,
1189 2514 1280 2551 vina
1313 2523 1388 2550 seu
1420 2512 1511 2549 be'na
1543 2513 1584 2549 et

113 2601 253 2628 semen.
312 2588 459 2642 Itaque
489 2588 638 2627 ultima
668 2587 798 2627 verba
829 2590 886 2628 sic
918 2588 1150 2634 constituo,
1193 2601 1329 2643 neque
1361 2587 1471 2627 enim
1511 2600 1584 2627 cur

115 2670 307 2706 neutrum
341 2678 474 2720 genus
505 2669 638 2705 modia
672 2669 785 2718 bina,
832 2666 943 2720 quod
975 2679 1029 2706 ne
1059 2666 1099 2706 in
1139 2665 1260 2707 codd.
1291 2664 1326 2705 T
1358 2664 1383 2705 d
1414 2664 1582 2719 quidem

187 2821 231 2865 *)
257 2824 376 2857 Etiam
403 2823 531 2868 §.150
560 2828 656 2857 recte
684 2825 880 2857 roboratur
905 2825 941 2857 in
973 2828 1057 2857 vett.
1086 2823 1185 2856 editt.
1216 2824 1361 2868 legitur.
