1914 3237
296 195 350 238 50
872 196 988 238 Liber
1012 199 1175 239 XVIII.

297 325 361 365 sit.
422 324 516 372 Qua
546 339 647 366 voce
678 339 771 366 cum
824 327 957 367 altera
1003 326 1226 370 manifesto
1275 332 1473 383 corrupta
1515 334 1794 384 comparata·

295 406 415 442 tanta
470 403 688 457 utriusque
749 403 974 445 similitudo
1020 404 1266 460 intelligitur
1317 409 1363 446 ut
1413 404 1588 447 alteram
1639 406 1756 447 alteri

296 479 567 520 substitutam
599 493 692 521 esse
726 486 941 536 appareat.
974 482 1142 523 Scilicet
1169 495 1297 538 quum
1324 486 1514 534 proee'bus
1543 483 1585 523 in
1613 482 1756 525 arche-

295 561 393 611 typo
424 557 533 597 male
564 558 764 612 scriptum
796 559 996 613 reperiret
1028 554 1234 613 librarius,
1264 561 1306 601 in
1325 562 1514 616 margine
1531 561 1756 616 legendum

295 647 390 675 esse
416 638 677 686 procumbere
707 640 996 687 annotaverat,
1039 649 1147 690 quae
1177 638 1420 679 coniectura
1448 639 1508 680 ita
1534 644 1683 694 postea
1714 640 1755 680 in

294 711 388 766 ipsa
416 712 538 752 Plinii
568 712 697 752 verba
726 713 913 766 irrepsit,
958 718 1003 753 ut
1031 713 1167 767 ipsum
1198 713 1301 755 illud
1337 720 1527 765 proce'bus
1554 716 1756 758 intactum

294 794 541 830 remaneret.
574 789 721 844 Itaque
748 803 894 830 vocem
920 794 1183 841 procumbere
1211 792 1383 832 missam
1413 792 1631 846 faciamus,
1663 807 1757 834 eam

295 871 435 907 autem
469 879 576 921 quae
606 866 768 920 reliqua
799 872 883 919 est,
925 871 1115 918 proc-ibus
1159 869 1201 909 in
1237 873 1503 920 procumbant
1533 875 1782 913 mutemus.-

233 955 241 960 ‘
294 943 384 984 Iam
413 944 541 999 igitur
558 943 698 984 omnia
725 944 880 998 optime
913 945 971 986 sic
1001 945 1255 1000 procedunt:

182 1220 261 1265 341

183 1555 264 1599 342

353 1047 396 1052 —
431 1025 468 1062 in
513 1025 702 1062 solutiore
740 1028 847 1062 terra
892 1026 1078 1074 saepibus
1111 1028 1267 1073 firmari
1306 1039 1356 1066 ne
1387 1029 1654 1077 procumbant
1690 1035 1759 1067 aut

347 1103 498 1151 supinis
527 1103 731 1151 lateribus,
762 1104 952 1150 quasdam
982 1101 1056 1142 rel.

868 1207 930 1253 52
966 1226 1010 1245 =
1046 1208 1170 1263 7,10.

361 1289 584 1340 Omnium
621 1294 835 1340 satorum
872 1290 956 1341 rel.

404 1377 527 1419 Solus
559 1377 694 1419 codex
727 1376 753 1417 d
784 1387 961 1421 saiorum
1000 1380 1148 1434 habet,
1188 1388 1413 1421 scaurorum
1453 1394 1499 1432 a,
1542 1385 1758 1423 sativorum

297 1459 335 1499 Θ
365 1455 413 1509 T,
443 1455 558 1497 haud
590 1455 716 1496 dubie
746 1457 1049 1512 recipiendum.

863 1552 924 1597 56
958 1562 1013 1583 =
1049 1551 1173 1606 7‚10.

358 1633 513 1684 Varro
553 1640 722 1699 quater
775 1637 983 1685 novenis
1021 1636 1195 1686 diebus
1237 1619 1405 1700 fruges
1442 1636 1631 1686 absolvi
1666 1643 1760 1687 tra-

360 1723 428 1772 dit
463 1729 511 1772 et
546 1739 715 1772 mense
752 1738 881 1773 nono
921 1725 1050 1773 meti.

401 1810 462 1863 ,In
521 1810 637 1852 libris
699 1811 964 1866 deperditis‘,
1011 1811 1259 1853 Harduinus
1305 1811 1459 1866 inquit,
1514 1811 1757 1852 scilicetne

290 1902 488 1929 numeros
521 1894 738 1944 corruptos
770 1903 865 1929 esse
894 1889 1089 1930 fateatur.
1149 1890 1206 1930 At
1233 1901 1370 1944 neque
1388 1888 1522 1930 Varro
1555 1888 1633 1929 sibi
1664 1888 1755 1943 ipse

291 1966 620 2019 contradixisse,
668 1980 805 2021 neque
842 1966 1004 2007 Plinius
1057 1981 1150 2008 cum
1197 1965 1248 2007 de
1286 1966 1414 2007 rebus
1461 1966 1628 2007 rusticis
1670 1967 1758 2021 agit

291 2043 394 2084 alios
428 2044 629 2085 Varronis
680 2044 808 2085 libros
859 2057 984 2099 quam
1015 2044 1084 2099 qui
1127 2044 1178 2085 de
1208 2057 1252 2084 re
1281 2044 1439 2084 rustica
1469 2044 1612 2098 scripti
1643 2048 1753 2097 sunt,

289 2121 486 2162 laudasse
516 2122 728 2177 putandus
760 2127 835 2165 est.
867 2122 914 2162 In
943 2122 1024 2163 illis
1046 2126 1187 2162 autem
1219 2135 1312 2163 cum
1343 2121 1477 2162 Varro
1494 2121 1526 2164 I.
1544 2121 1597 2164 27
1627 2126 1669 2162 et
1699 2121 1751 2164 32

289 2204 480 2254 tempora
525 2200 584 2241 ita
620 2204 666 2240 ut
712 2213 778 2240 res
820 2204 861 2240 et
904 2200 1010 2241 ratio
1041 2200 1141 2252 fert,
1184 2199 1474 2254 descripserit,
1519 2199 1753 2240 rectissime

290 2278 507 2318 Pintianus
549 2278 730 2332 priorem
777 2290 997 2318 numerum
1032 2278 1074 2318 in
1113 2281 1316 2328 quinquies
1360 2280 1522 2317 novenis
1563 2276 1753 2328 mutavit,

288 2360 351 2395 ter
389 2355 629 2410 quindecim
661 2355 729 2410 qui
763 2369 786 2395 a
817 2355 1007 2397 Varrone
1046 2360 1322 2396 numerantur
1352 2354 1500 2396 diebus
1532 2358 1753 2395 consenta-

289 2446 426 2474 neum.
468 2432 646 2473 Gravius
679 2433 806 2473 etiam
839 2433 1017 2474 alterum
1049 2433 1194 2475 vitium
1224 2432 1416 2474 Varrone
1446 2433 1552 2473 duce
1581 2431 1751 2472 tollitur.

287 2510 369 2557 Qui
417 2510 615 2564 quoniam
665 2525 697 2550 c.
729 2512 780 2553 27
827 2516 1016 2566 tempora
1055 2511 1247 2552 subtilius
1284 2511 1344 2552 ita
1388 2509 1569 2551 discerni
1610 2509 1751 2549 retulit

285 2593 331 2628 ut
369 2588 409 2627 in
448 2587 550 2628 VIII
609 2590 922 2643 sesquimenses
962 2588 1247 2630 dividerentur
1285 2592 1411 2643 atque
1451 2600 1557 2642 quae
1587 2587 1630 2627 in
1660 2587 1749 2641 agri

285 2666 448 2706 cultura
478 2667 567 2705 fieri
590 2666 808 2718 deberent,
838 2667 878 2707 in
900 2666 1004 2707 haec
1026 2666 1246 2707 intervalla
1271 2658 1542 2733 dien-ibu‘git,
1574 2669 1750 2719 apparet

284 2743 325 2783 in
345 2743 467 2783 Plinii
501 2743 715 2784 codicibus
748 2744 852 2785 duas
884 2744 1068 2798 syllabas
1102 2745 1277 2798 periisse
1295 2742 1603 2797 legendumque
1629 2754 1747 2782 esse:

339 2831 375 2862 el
402 2827 662 2872 sesquimense
689 2835 804 2861 nono.
