1914 3237
206 1921 287 1965 394

320 182 373 226 76
921 186 1035 226 Le'ber
1071 185 1191 226 XIX.

321 313 512 354 Strackio
543 313 727 356 refutata
757 320 864 356 sunt.
925 316 979 357 Et
1010 317 1202 359 Strackio
1233 316 1401 372 quidem
1436 318 1604 359 omnino
1636 331 1780 359 assen-

321 390 400 431 tior
430 404 524 431 cum
569 395 602 431 is
629 392 672 432 in
713 397 760 433 iis
789 397 929 444 quibus
979 401 1078 438 (seu
1108 395 1247 449 potius
1279 398 1389 445 quis)
1438 395 1632 437 mutavit:
1680 395 1780 436 illud

319 467 524 522 improbo⁷
549 469 660 524 quod
693 471 786 511 voci
803 485 895 511 moa·
928 472 1077 513 audaci
1108 473 1350 513 coniectura
1382 472 1556 513 alteram
1588 477 1651 512 lea·
1683 472 1780 514 sub-

320 544 465 585 stituit.
524 545 630 587 Toto
672 547 780 588 enim
824 548 916 589 loco
949 549 1108 589 Plinius
1138 549 1392 604 Vespasiani
1432 563 1652 590 censuram
1691 549 1780 590 lau-

319 621 452 674 davit,
492 636 574 677 qua
620 625 893 665 constitutum
934 624 1098 665 videtur
1137 638 1231 666 esse
1261 632 1305 666 ut
1348 626 1485 667 levato
1517 627 1583 667 vel
1615 627 1779 668 sublato

320 699 504 740 edulium
536 701 729 756 vectigali
761 701 835 755 (cf.
855 701 1112 756 Mai-quardt.
1133 702 1262 756 antiq.
1293 702 1367 743 III.
1389 703 1414 745 2
1437 717 1475 757 p.
1492 704 1595 755 208)
1622 709 1780 745 certum

319 777 529 832 quoddam
575 779 778 820 tributum
823 793 847 820 a
876 779 953 819 soli
998 779 1312 833 possessoribus
1361 780 1625 834 exigeretur,
1670 781 1782 836 quod

319 855 442 908 quale
486 855 612 896 fuerit
652 861 693 897 et
740 870 821 911 quo
866 869 999 912 usque
1050 857 1328 910 permanserit
1373 857 1628 911 ignoramus.
1687 857 1783 899 Hoc

319 932 430 972 enim
461 933 615 974 tributo
655 933 852 975 effectum
883 939 946 975 est
991 938 1036 974 ut
1069 946 1120 974 ea
1150 934 1298 988 pensio
1338 948 1446 989 quae
1477 948 1710 990 pauperum
1740 936 1782 976 in

317 1010 492 1051 macello
551 1010 688 1052 fuerat
732 1012 784 1052 ab
832 1012 881 1052 iis
922 1004 1177 1066 exig‘stretur
1222 1012 1264 1051 in
1310 1025 1485 1066 quorum
1526 1013 1637 1068 agris
1668 1013 1783 1054 olera

317 1087 482 1128 macelli
538 1089 819 1142 provenirent.
894 1068 1070 1141 ,Τιιῐίιῖει
1130 1089 1240 1129 enim
1298 1094 1385 1130 tum
1444 1103 1594 1131 census
1652 1090 1781 1131 habe·

318 1162 461 1215 batur,
492 1177 583 1205 cum
617 1166 670 1218 ,in
702 1166 790 1207 solo
821 1168 1012 1221 sponsor‘
1044 1171 1178 1219 esset,
1218 1167 1392 1219 ,minore
1431 1167 1625 1208 fortunae
1662 1168 1782 1219 iure‘,

318 1254 410 1281 cum
447 1255 530 1282 non
571 1245 729 1284 incerta
767 1244 1037 1299 navigatione
1081 1244 1155 1285 sed
1197 1245 1445 1299 ‚superficie‘
1484 1245 1783 1295 contineretur,

317 1320 656 1373 ,quaestuosius‘,
695 1335 788 1362 cum
831 1335 974 1363 eorum
1014 1322 1186 1375 ,reditus
1219 1322 1294 1362 sub
1327 1321 1410 1363 dio‘
1448 1323 1472 1364 i.
1506 1335 1540 1363 e.
1572 1322 1711 1377 palam
1741 1326 1784 1362 et

318 1401 432 1438 certo
464 1402 688 1441 constaret.
748 1398 866 1446 Quae
898 1414 1025 1455 quum
1066 1396 1206 1440 omnia
1236 1399 1290 1440 ad
1333 1413 1505 1441 censum
1535 1399 1782 1452 referantur,

315 1475 386 1515 illa
416 1489 581 1530 quoque
621 1490 728 1531 quae
772 1477 911 1531 plebei
948 1477 1205 1531 promittitur
1236 1477 1470 1532 aequalitas
1513 1477 1566 1519 ad
1607 1491 1782 1519 censum

317 1557 509 1607 spectare
540 1553 729 1608 putanda
762 1559 838 1596 est.
896 1554 1145 1595 Pei-ficietur
1181 1555 1309 1610 igitur
1354 1555 1476 1596 huius
1519 1556 1600 1597 loci
1640 1567 1781 1597 emen-

315 1630 428 1672 datio
470 1644 495 1671 a
533 1631 693 1687 Silligio
734 1636 776 1673 et
820 1631 1011 1673 Strackio
1050 1632 1272 1684 inchoata,
1312 1646 1406 1674 cum
1438 1633 1564 1674 verbo
1597 1636 1781 1683 aequabit

315 1722 436 1749 suum
472 1709 708 1750 subiectum
739 1709 973 1751 reddideris
1005 1715 1046 1751 et
1076 1710 1316 1766 scripseris:

369 1800 462 1828 mose
491 1790 590 1828 enim
620 1801 801 1828 census
831 1792 1019 1838 aequabit
1045 1788 1119 1830 rel.

906 1895 1190 1951 58:4‚19.

380 1979 517 2029 Horti
553 1981 760 2029 maxime
816 1979 1105 2045 placebant,
1162 1980 1275 2044 quia
1311 1995 1406 2030 non
1443 1986 1646 2045 egerent
1680 1981 1781 2045 igni

381 2097 442 2103 —
478 2096 538 2103 -
581 2069 707 2117 unde
747 2073 793 2116 et
829 2068 1039 2117 acetaria
1074 2067 1411 2132 appellantur,
1467 2067 1627 2117 facilia
1664 2083 1781 2118 con-

384 2156 527 2219 coqui
582 2171 674 2206 nec
717 2160 974 2206 oneratura
1026 2170 1225 2204 sensum
1287 2155 1396 2205 cibo
1435 2160 1482 2204 ct
1533 2170 1658 2219 quae
1696 2155 1782 2203 mi-

380 2243 506 2292 nime
567 2244 896 2293 accenderent
950 2242 1246 2292 desiderium
1302 2243 1454 2307 panis.
1528 2242 1647 2292 Pars
1697 2257 1781 2292 eo-

384 2346 488 2379 rum
523 2330 605 2379 rel.

452 2417 501 2458 In
565 2418 681 2458 initio
740 2431 888 2459 vocem
945 2420 1050 2458 horle·
1109 2416 1349 2471 genetivum
1407 2428 1501 2456 esse
1561 2415 1778 2457 Strackius

316 2500 429 2537 recte
488 2495 805 2547 animadvertit,
866 2499 1051 2536 ceterum
1108 2499 1275 2548 praeter
1329 2493 1625 2534 necessitatem
1683 2497 1776 2544 quia

316 2575 356 2613 in
388 2586 486 2623 quae
514 2574 710 2625 mutavit,
769 2587 898 2627 quum
936 2572 1004 2613 ille
1043 2572 1262 2626 genetivus
1295 2570 1348 2611 ad
1385 2585 1422 2611 v.
1455 2575 1610 2622 caules,
1668 2583 1777 2624 quae

315 2651 355 2690 in
389 2650 603 2704 superiore
635 2663 762 2691 sensu
807 2650 980 2705 legitur,
1021 2649 1236 2690 referatur.
1297 2647 1475 2689 Gravius
1506 2646 1704 2688 mendum
1734 2647 1777 2688 in

315 2727 397 2768 fine
439 2727 673 2768 sentcntiae
711 2727 762 2767 ab
806 2741 889 2767 uno
933 2727 1130 2768 Pintiano
1174 2725 1483 2780 deprehensum
1532 2730 1607 2766 est.
1666 2724 1778 2766 Fieri

315 2806 425 2847 enim
454 2818 538 2846 non
567 2805 717 2860 potuit,
758 2809 804 2846 ut
833 2819 859 2846 a
888 2804 1007 2860 panis
1038 2803 1245 2845 desiderio
1275 2802 1399 2857 prisci
1431 2802 1611 2843 Romani
1642 2815 1764 2844 cave-
