1914 3237
223 177 306 221 244
789 180 908 220 Liber
934 181 1024 222 XX
1021 182 1068 221 X
1073 181 1151 222 VII
1153 211 1162 222 .

224 310 422 352 Ceterum
454 323 590 366 neque
621 311 658 364 §.
691 310 744 353 38
774 311 1108 354 additamentum
1139 317 1178 354 in
1206 317 1410 354 Electride
1445 319 1535 356 lacu
1564 314 1692 357 habet

222 389 258 430 B
276 388 414 444 (recte
426 390 515 431 Ian.
534 403 572 444 p.
590 388 903 445 LXXVIJet§.
916 390 968 433 39
983 405 1021 432 v.
1035 404 1223 432 oceanum
1243 392 1302 432 sic
1332 392 1505 446 repetit:
1539 386 1691 434 ocemiic

222 480 426 509 oceanum.
483 468 521 522 §.
551 467 605 510 40
636 470 789 509 thium
832 468 857 511 i.
892 482 926 510 e.
974 472 1099 511 θεῖον
1140 474 1182 510 et
1221 483 1315 511 cum
1348 471 1450 511 Iano
1493 484 1690 512 sacrum
1739 502 1743 506 .

224 545 432 587 scribatur
463 550 640 600 oportet.

111 602 191 646 831
752 627 813 674 40
850 646 892 664 =
929 624 1127 674 ibidem

288 711 448 777 Super
503 728 674 762 omnes
737 718 810 762 est
873 711 1152 777 Sophocles
1213 704 1381 778 [poeta
1434 715 1691 780 tragicus]‚

287 801 420 866 quod
459 801 689 865 equidem
727 800 894 860 miror,
950 816 1056 850 cum
1093 807 1225 851 tanta
1259 803 1476 867 gravitas
1527 803 1572 853 ei
1609 781 1693 855 co-

285 889 448 939 thurni
485 890 572 948 sit,
629 895 883 954 praeterea
923 890 1049 939 vitae
1087 889 1234 949 fama,
1294 890 1414 940 alias
1470 893 1690 958 principe

286 977 397 1028 1000
436 978 605 1043 genito
630 977 858 1037 AtheniS,
897 974 960 1032 [et
996 978 1144 1028 rebus
1179 975 1351 1044 gestis]
1390 984 1437 1030 et
1474 981 1692 1030 exercitu

285 1067 451 1118 ducto.

330 1156 608 1211 Ineptissimis
650 1154 952 1196 additamentis
1011 1156 1256 1211 scriptorem
1315 1156 1483 1198 liberari
1541 1156 1688 1198 laetor.

220 1234 409 1283 Quorum
441 1235 617 1275 alterum
648 1234 740 1275 voci
785 1233 1007 1286 ,cothurni‘
1039 1233 1297 1290 adscriptum
1339 1239 1450 1286 erat,
1498 1234 1691 1287 alterum,

220 1312 333 1368 quod
365 1326 418 1354 ne
450 1315 687 1354 structurae
718 1310 887 1365 quidem
919 1311 1140 1353 verborum
1172 1313 1389 1366 convenit,
1425 1312 1566 1354 verbis
1605 1325 1691 1365 ‚ex-

220 1391 353 1432 ercitu
384 1390 526 1432 ducto‘
557 1388 820 1444 explicandis
850 1389 1121 1432 inserviebat.

108 1475 190 1521 832
512 1521 516 1525 ,
816 1471 876 1518 45
898 1491 939 1510 =
964 1471 1089 1527 3‚11.

292 1589 342 1594 -·
385 1559 601 1622 vivitque
635 1572 788 1621 eques
810 1555 1060 1607 Romanus
1082 1587 1158 1616 —-‚
1199 1558 1279 1622 qui
1317 1563 1364 1608 et
1402 1557 1694 1608 commercia

289 1664 344 1697 ea
382 1654 429 1697 et
465 1647 605 1696 litora
641 1646 936 1712 peragravit.

332 1735 452 1784 Quae
484 1748 537 1776 ex
580 1735 659 1776 hoc
688 1735 780 1776 loco
811 1734 854 1775 in
893 1734 1032 1776 lexica
1061 1734 1316 1789 immigravit
1360 1732 1551 1775 inaudita
1589 1733 1693 1774 alias

226 1814 475 1865 (Claudiani
525 1814 633 1854 enim
676 1814 715 1853 in
759 1812 931 1866 Eutrop.
963 1812 995 1854 I.
1028 1813 1080 1855 58
1113 1813 1196 1854 alia
1226 1813 1332 1854 ratio
1364 1816 1452 1864 est)
1500 1811 1692 1853 vocabuli

220 1892 534 1948 interpretatio,
565 1905 648 1947 qua
679 1891 958 1944 ,conimercia‘
990 1897 1201 1933 mercatus
1218 1891 1452 1947 significare
1485 1890 1693 1944 dicuntur,

220 1971 337 2012 nihili
368 1975 445 2013 est.
478 1971 592 2011 Inter
621 1969 829 2012 vocabula
855 1985 901 2012 ea
933 1974 1059 2025 atque
1091 1978 1128 2011 et
1156 1970 1390 2011 litterarum
1421 1968 1693 2010 similitudine

219 2050 377 2092 excidit
405 2049 578 2091 verbum
606 2054 854 2091 exercuit.

108 2131 189 2174 833
813 2132 873 2178 47
892 2144 938 2163 Ξ
962 2131 1086 2187 3,12.

287 2248 346 2254 -
384 2218 594 2268 eandida
632 2218 800 2267 odoris
846 2215 1273 2281 praestantissimi3
1324 2216 1415 2264 sed
1476 2229 1569 2263 nec
1617 2212 1692 2262 his

286 2323 377 2357 nec
431 2306 608 2357 cerinis
675 2307 911 2371 pretium3
981 2303 1127 2354 fulvis
1196 2304 1346 2354 maior
1403 2303 1693 2361 auetoritas3

285 2414 345 2447 ex
381 2397 439 2446 iis
477 2396 737 2445 etiamnum
774 2388 1427 2459 amplior'translucentibus
1466 2390 1550 2440 rel.

328 2490 442 2526 eliam
471 2489 637 2536 amplius
670 2486 955 2524 tralucentibus
975 2481 1009 2522 B
1038 2486 1166 2534 recte,
1193 2495 1248 2523 sc..
1275 2480 1468 2536 pretium.

106 2564 297 2608 834235
904 2559 1080 2601 Ibidem.

285 2641 483 2692 Summa
519 2640 624 2690 laus
662 2639 880 2689 Falernis
916 2655 942 2688 a
994 2639 1092 2687 vini
1130 2637 1296 2687 colore
1333 2636 1505 2693 dictis,
1560 2632 1689 2683 molli

282 2731 475 2796 fulgore
511 2729 815 2794 perspicuis,
872 2729 918 2775 in
965 2727 1141 2791 quibus
1196 2730 1243 2774 et
1300 2724 1493 2774 decocti
1535 2720 1692 2770 mellis

282 2819 455 2869 lenitas
509 2817 710 2883 placeat.
788 2817 968 2865 Verum
1008 2815 1102 2865 hoe
1152 2829 1347 2878 quoque
1385 2816 1548 2861 notum
1589 2810 1689 2858 lieri

282 2913 474 2974 oportet
512 2906 593 2957 rel.
