1914 3237
661 162 794 206 Liber
822 162 936 205 VII.
970 162 1115 205 VIII.
1550 158 1631 199 137

157 285 391 340 legebatur
424 285 580 327 carica.
638 285 712 327 Xl.
746 284 837 326 191.
871 292 914 325 et
941 284 1036 326 968.
1064 300 1170 340 aper
1196 291 1240 326 et
1270 297 1399 339 caper
1425 283 1468 324 in
1499 281 1630 323 codd.

161 363 500 406 confunduntur.
542 361 750 403 XXXIV.
771 360 838 402 65.
869 376 950 415 pro
981 362 1223 401 statuariae
1253 362 1341 400 arti
1369 360 1465 402 cod.
1498 359 1630 401 voss.

159 441 293 484 habet
319 440 536 481 statuaria
567 439 699 487 casti,
740 437 946 481 XXXVI.
972 437 1044 481 32.
1089 452 1169 492 pro
1205 438 1354 478 aedem
1385 440 1469 479 dno
1501 438 1631 480 codd.

159 518 444 560 vetustissimi
480 517 682 568 caedem,
724 519 778 559 ib.
808 518 873 559 47.
915 532 995 572 pro
1030 516 1190 559 Cariae
1218 518 1347 558 codd.
1380 519 1483 558 ss1d
1523 525 1632 569 arte,

158 598 226 640 13²
255 603 379 647 ante,
415 595 644 638 XXXVII.
673 597 740 640 92.
778 612 859 652 pro
892 596 1052 639 Cariae
1087 597 1134 641 C.
1165 596 1474 651 (Vindob.11.)
1514 610 1631 638 arce.

160 676 302 722 Quum
333 675 463 728 igitur
492 675 532 715 in
555 676 799 730 exemplari
831 690 913 716 suo
932 674 1057 716 simili
1075 688 1229 716 errore
1261 688 1347 714 non
1378 687 1522 714 arcem
1552 675 1633 715 sed

159 767 326 794 careem
356 761 585 793 exaratum
621 753 867 794 invenirent
896 753 1076 804 librarii,
1107 753 1272 795 factum
1299 762 1367 795 est
1399 761 1443 794 ut
1474 752 1634 794 lineola

159 831 286 873 alteri
318 831 523 886 syllabae
554 831 864 887 imponeretur.

716 972 912 1027 LIBER
945 971 1078 1027 vm.

766 1083 827 1130 10
849 1108 892 1126 =
915 1083 963 1144 4,
984 1084 1032 1131 5.
1707 1145 1715 1156 ⁸

228 1184 371 1234 Sicut
413 1182 551 1248 tigris
598 1183 742 1231 etiam
780 1183 898 1231 feris
941 1184 1120 1232 ceteris
1163 1187 1440 1234 truculenta
1492 1194 1637 1251 atque
1666 1144 1745 1185 ὡς]

227 1274 336 1339 ipsa
373 1274 684 1339 elephanti
730 1292 923 1339 quoque
961 1293 1200 1340 spernens
1236 1278 1507 1343 vestigia
1554 1280 1638 1327 ho-

231 1366 373 1415 minis
413 1366 518 1414 viso
555 1367 822 1414 transferre
857 1367 1036 1416 dicitur
1072 1369 1295 1433 protinus
1330 1371 1516 1418 catulos
1557 1375 1637 1417 rel.

252 1456 310 1507 'E
338 1466 464 1507 codd.
487 1466 578 1507 Τὼ·
607 1467 890 1509 scribendum
919 1468 1118 1509 videtur:
1151 1468 1418 1524 elephantem
1448 1477 1491 1511 et
1517 1471 1641 1510 vesti.

160 1545 246 1602 91⁶0,
273 1552 322 1586 ut
347 1545 471 1599 tigris
502 1557 617 1599 quae
650 1544 932 1598 elephantum
964 1543 1076 1585 ultro
1106 1547 1413 1600 aggrediatur,
1452 1547 1641 1589 hominis

164 1639 220 1666 ne
249 1625 482 1679 vestigium
514 1624 688 1678 quidem
719 1624 814 1665 sine
847 1631 964 1666 metu
993 1625 1255 1679 conspiciat.
1290 1625 1495 1682 Alioquin
1525 1627 1644 1668 clau-

167 1703 286 1744 dicat
317 1702 473 1744 oratio.
531 1701 638 1757 Ipsa
670 1709 815 1743 autem
840 1702 1141 1744 eodemmodo
1171 1717 1252 1758 pro
1277 1704 1496 1755 „eadem“
1527 1705 1644 1748 infra

168 1782 206 1837 ᾗ.
229 1781 294 1824 23.
327 1781 497 1836 legitur.

776 1884 836 1931 12
858 1905 907 1927 =
928 1885 975 1945 5,
995 1885 1041 1932 5.

235 1985 480 2034 Antiocho
517 1984 690 2033 vadum
737 1985 950 2033 fluminis
997 1987 1274 2051 experienti
1319 1988 1486 2037 renuit
1518 1988 1645 2037 Aiax
1673 1976 1753 2017 ¹7⁰

238 2076 416 2142 alioqui
448 2077 548 2125 dux
579 2076 781 2141 agminis
801 2094 1023 2142 semper3
1053 2086 1154 2126 tum
1173 2080 1537 2143 pronuntiatum
1564 2084 1645 2126 rel.

282 2179 425 2227 Quum
441 2177 597 2220 cod.R
616 2176 779 2218 habeat
809 2177 991 2233 agminis
1016 2184 1202 2232 replum,
1237 2179 1262 2219 d
1295 2180 1457 2237 aymini
1484 2186 1647 2232 reptatu

173 2256 367 2311 Silligius
407 2255 641 2311 legendum
684 2268 786 2297 esse
822 2255 1010 2295 coniecit
1050 2254 1247 2311 repertus
1286 2261 1390 2297 tum.
1461 2257 1649 2299 Verum-

172 2342 317 2376 tamen
349 2334 532 2388 elephas
563 2332 633 2374 ille
665 2347 753 2374 non
784 2340 942 2386 sponte
976 2333 1205 2386 primatum
1229 2336 1414 2391 agminis
1434 2338 1648 2391 suscepit,

174 2414 256 2455 sed
284 2426 309 2453 a
340 2413 523 2454 ducibus
555 2411 722 2465 primus
753 2410 965 2451 incedere
996 2410 1144 2453 iussus
1176 2421 1265 2454 est:
1295 2427 1374 2455 rex
1401 2417 1513 2456 enim
1543 2431 1647 2470 pro-

175 2494 291 2536 misit
315 2494 408 2534 eius
438 2491 538 2534 fore
568 2491 861 2546 principatum
893 2493 963 2546 qui
985 2493 1220 2535 transisset
1244 2494 1650 2548 eoquePatroclum

177 2572 368 2614 donavit.
428 2570 611 2613 Scilicet
644 2571 744 2626 ipsa
774 2584 885 2626 quae
922 2571 963 2612 in
1001 2571 1125 2613 libris
1156 2580 1304 2615 exstat
1334 2575 1554 2629 scriptura
1582 2589 1651 2617 re-

179 2650 382 2706 cipienda
414 2656 511 2691 erat
548 2654 764 2704 repertum
798 2661 862 2690 sc.
899 2649 1056 2691 vadum
1086 2650 1174 2692 hoc
1210 2665 1367 2694 sensu:
1405 2654 1547 2702 Quum
1579 2668 1652 2696 ex-

181 2728 394 2783 periendo
415 2727 668 2770 Antiochus
697 2728 857 2770 vadum
883 2729 1130 2784 reperisset
1150 2734 1480 2789 exercitumque
1510 2742 1654 2777 trans-

187 2808 400 2850 ducturus
430 2815 574 2860 esset,
611 2807 795 2864 elephas
824 2816 1050 2865 repertum
1080 2812 1270 2855 transire
1299 2812 1453 2858 noluit.
1514 2814 1552 2869 ς.
1584 2812 1654 2855 20.
