1914 3237
795 223 929 265 Liber
955 225 1018 266 ΙΙ
1019 257 1027 265 .
1635 227 1661 267 9

185 347 330 389 omnia
367 359 480 402 quae
512 352 616 401 post
643 360 685 389 v,
716 352 952 387 accusatur
979 360 1121 403 usque
1148 347 1203 387 ad
1236 361 1332 388 cum
1364 350 1565 391 conviciis
1600 349 1659 392 le-

183 433 343 481 guntur
372 424 541 478 omittit,
572 419 709 466 ceteri'
739 424 805 467 sic
835 424 1018 467 habent:
1052 440 1079 467 a
1109 440 1200 465 una
1232 427 1432 482 arquitur
1460 443 1538 469 rea
1567 444 1659 469 una

184 504 363 561 cogitur,
395 503 487 544 sola
514 502 606 544 sola
632 502 859 555 laudatur,
887 504 978 546 sola
1008 505 1208 562 arquitur
1240 504 1331 559 Pbg
1361 520 1437 545 rea
1466 522 1559 547 una
1589 522 1659 548 ar-

179 583 352 640 quitur,
384 596 475 622 una
506 582 670 639 cogitur
700 582 943 640 (cogitatur
972 584 1088 638 Pg)‚
1124 583 1216 623 sola
1243 583 1335 624 sola
1369 583 1599 637 laudatur,
1629 603 1657 642 p

180 676 257 702 rea
281 675 374 701 una
398 661 598 717 arquitur
627 661 663 702 Τ
692 662 831 703 verba
863 676 955 701 una
985 662 1198 720 cogitatur
1222 662 1389 704 omittit.
1447 664 1553 705 Inde
1583 678 1657 719 pa-

181 747 245 782 tet
273 755 314 782 v.
334 740 478 797 agitur
507 739 565 780 nil
597 753 701 782 esse
732 740 817 783 nisi
850 740 1193 796 dittographiam
1222 741 1350 783 vocis
1369 743 1548 799 coqitur,
1582 744 1661 786 de-

181 819 284 861 inde
313 833 353 861 v.
384 818 586 876 arquitur
613 819 728 861 male
757 819 824 861 bis
867 819 1018 863 scribi.
1087 820 1239 875 Itaque
1271 822 1489 875 quaedam
1522 836 1658 864 voca—

180 897 285 939 bula
322 897 536 939 eiicienda
574 908 701 950 sunt,
749 905 792 939 et
824 896 952 948 licet,
1006 911 1221 952 quaenam
1258 899 1535 956 potissimum
1576 917 1658 956 pro

181 977 344 1031 spuriis
382 975 590 1018 habenda
620 978 729 1027 sint,
765 977 1010 1018 decernere
1049 990 1135 1018 non
1169 978 1380 1029 audeam,
1419 980 1480 1022 ita
1510 988 1658 1024 tamen

180 1055 343 1110 optime
374 1056 622 1109 procedere
650 1056 895 1098 orationem
927 1056 1143 1097 arbitror:

233 1164 327 1190 una
355 1156 608 1205 accusatur,
637 1164 728 1191 una
757 1152 987 1208 coqitatur,
1017 1150 1109 1192 sola
1138 1150 1365 1203 laudatur,
1396 1152 1487 1194 sola
1516 1156 1659 1214 arqui-

237 1234 311 1269 tur
338 1228 416 1270 rel.

291 1307 469 1350 Possint
490 1309 619 1350 etiam
639 1309 779 1351 verba
810 1323 904 1349 una
925 1298 1159 1349 accusatur
1179 1323 1261 1365 pro
1285 1308 1557 1365 glossemate
1576 1312 1657 1355 ha-

181 1386 276 1428 beri
307 1394 351 1429 et
379 1401 457 1429 rea
485 1402 578 1428 una
612 1388 756 1446 aqitur
784 1387 974 1430 servari.

779 1518 841 1566 32
860 1537 912 1561 =
932 1516 986 1578 8,
1019 1517 1065 1564 6.

247 1617 481 1682 (Certum
520 1619 625 1683 est)
673 1618 886 1666 omnium
929 1624 1091 1665 autem
1129 1617 1393 1667 errantium
1438 1619 1655 1668 siderum

245 1714 450 1769 meatus,
477 1708 605 1757 inter
624 1725 748 1773 quae
771 1708 887 1757 solis
908 1715 957 1756 et
973 1709 1133 1768 lunae,
1157 1709 1455 1758 contrarium
1476 1711 1655 1759 mundo

245 1813 392 1862 agere
430 1815 626 1846 cursum
667 1797 757 1865 [id
791 1805 884 1846 est
918 1797 1211 1865 laevum]‚
1256 1799 1338 1847 illo
1375 1817 1572 1865 semper
1606 1800 1655 1848 in

244 1888 421 1937 dextra
448 1888 724 1954 praecipiti.

214 2040 222 2046 ,
289 2001 432 2049 Quum
463 2002 609 2043 mundi
638 2008 781 2044 motus
815 2001 1096 2043 dextrorsum
1127 2000 1314 2053 feratur,
1345 2003 1494 2045 sidera
1510 2010 1656 2046 autem

177 2082 370 2124 errantia
401 2082 443 2124 in
476 2080 742 2122 contrariam
767 2087 939 2136 partem
969 2087 1246 2131 moveantur,
1279 2089 1438 2136 sponte
1468 2089 1657 2136 apparet

176 2157 330 2201 horum
353 2174 529 2202 cursum
558 2161 733 2202 laevum
753 2173 869 2202 esse.
928 2159 1082 2200 Verba
1109 2159 1238 2214 igitur
1268 2159 1320 2200 id
1348 2166 1426 2201 est
1453 2160 1655 2202 laevum

176 2246 222 2280 ut
252 2239 449 2294 putidum
479 2240 733 2295 interpretis
772 2240 1115 2281 additamentum
1150 2238 1246 2280 sine
1279 2239 1408 2280 dubio
1442 2239 1656 2281 eiicienda

177 2325 292 2361 sunt.
349 2319 416 2360 Ne
458 2326 603 2360 autem
639 2320 754 2361 iusto
788 2319 1001 2361 audacius
1034 2318 1363 2373 interpolatoris
1394 2332 1571 2360 manum
1596 2319 1656 2360 in-

178 2397 343 2453 dagare
375 2397 554 2447 videar,
583 2397 829 2440 Pintianum
859 2398 1051 2452 nomino,
1082 2398 1155 2452 qui
1184 2406 1309 2439 recte
1338 2397 1490 2452 §.12st
1518 2399 1655 2439 verba

177 2475 231 2516 ab
260 2481 358 2516 ortu
379 2475 608 2528 solstitiali,
635 2476 778 2530 §.133.
813 2483 891 2517 aut
907 2477 1005 2517 nive
1022 2477 1190 2518 iacente
1220 2476 1403 2528 delevit,
1436 2485 1478 2518 et
1511 2478 1653 2531 ipsum

177 2553 391 2609 Silligium
423 2554 493 2610 qui
520 2556 556 2609 §
574 2554 668 2597 208.
695 2558 835 2599 verba
864 2555 1031 2598 scrobes
1059 2554 1316 2612 mortificant
1347 2556 1545 2611 spiritum
1578 2570 1652 2597 ex-

176 2632 376 2674 halantes
404 2647 519 2675 vano
551 2635 783 2677 conamine
812 2649 838 2677 a
864 2637 969 2678 Iano
1000 2637 1137 2680 Nunt.
1156 2635 1333 2676 Monac.
1358 2635 1479 2677 1852.
1500 2650 1569 2678 no.
1586 2635 1652 2676 70.

178 2711 363 2755 defensa
401 2715 698 2769 expungenda
732 2729 835 2758 esse
870 2715 1124 2771 perspexit,
1163 2715 1310 2756 Ianum
1352 2715 1542 2770 denique
1580 2714 1651 2769 qui

178 2792 214 2845 §.
238 2792 306 2835 90.
335 2807 376 2835 v.
411 2793 482 2835 dei
515 2795 750 2837 damnavit.
829 2794 1034 2838 Ceterum
1072 2793 1204 2848 paulo
1251 2807 1391 2849 supra
1436 2793 1651 2834 immerito

178 2871 441 2926 scripturam
478 2872 701 2930 vulgatam
740 2874 937 2917 deseruit
967 2873 1182 2929 sung-ius,
1224 2887 1458 2917 assensum
1495 2878 1652 2913 nactus
