1914 3237
696 174 829 218 Liber
860 176 942 219 VI.
1500 176 1555 217 99

82 301 297 357 principio
329 300 482 343 habuit
503 299 719 340 Arrianus
740 297 831 338 lnd.
847 297 914 338 21.
943 296 1064 338 nulla
1095 310 1245 339 eorum
1276 312 1391 354 quae
1422 307 1555 340 antea

83 388 327 422 evenerunt
362 378 532 419 ratione
563 375 724 417 habita.
765 381 767 383 ’
796 374 901 416 Utut
931 381 1000 416 est
1032 399 1085 407 —-
1114 383 1157 416 et
1186 378 1270 418 iam
1302 378 1440 419 Plinio
1471 378 1555 432 ipsi

80 459 253 512 primae
270 457 472 499 stationis
491 456 621 497 situm
638 455 831 509 ignotum
846 451 986 494 fuisse
1003 453 1191 495 vidimus
1210 478 1262 485 —
1284 455 1386 497 illud
1402 458 1554 498 rectis-

81 539 190 579 sime
208 536 452 578 Lassenius
471 533 793 582 animadvertit,
824 532 976 572 urbem
1007 530 1195 587 ligneam
1223 533 1247 574 i.
1266 547 1301 574 e.
1321 535 1554 576 stationem

81 615 281 657 navalem
305 613 479 654 nomine
492 610 768 668 Xylenepolis
787 609 1042 665 significari,
1071 624 1184 665 quae
1210 610 1357 653 littera
1375 627 1401 656 e
1418 627 1440 652 a
1459 628 1556 666 pro-

80 695 195 734 ximo
226 691 444 734 vocabulo
476 691 663 745 repetita
693 689 987 745 Exilenepolis
1017 690 1058 730 in
1090 690 1192 731 cod.
1220 689 1275 744 R,
1303 691 1345 731 in
1376 692 1400 730 d
1435 692 1554 745 Εκμ-

80 771 280 828 lenepolis
312 778 511 813 vocatur.
571 770 723 824 ltaque
754 769 848 810 sine
882 767 1013 809 dubio
1044 768 1325 810 scribendum
1357 769 1457 811 erit:

641 847 833 902 Xyline
864 846 1008 903 poliS.

641 949 706 997 98
726 972 776 992 =
796 949 993 997 ibidem.
1584 969 1663 1010 125

146 1054 270 1102 Inde
298 1050 684 1118 promontorium
708 1049 996 1098 Carmaniae
1028 1057 1119 1111 est,
1158 1067 1221 1099 ex
1257 1067 1352 1115 quo
1389 1050 1437 1098 in
1475 1050 1555 1098 ad-

147 1161 306 1194 versa
338 1159 433 1192 ora
469 1142 527 1189 ad
555 1148 750 1206 gentem
775 1140 989 1188 Arabiae
1016 1139 1183 1188 Macas
1214 1141 1449 1189 traiectus
1487 1140 1556 1188 di-

147 1242 242 1283 stat
276 1235 320 1283 L
358 1234 427 1282 Μ.
465 1250 514 1297 p.

192 1336 238 1376 In
267 1335 459 1376 adversa
490 1346 569 1374 ora
603 1332 818 1373 traiectus
855 1338 979 1372 esset
1016 1331 1058 1372 in
1090 1332 1187 1386 ipsa
1222 1331 1388 1373 Arabia
1420 1344 1558 1386 quae-

81 1414 259 1457 rendus.
323 1413 432 1453 Tum
464 1425 572 1453 vero
603 1411 808 1466 quoniam
839 1410 897 1451 ibi
928 1410 1088 1451 Macae
1118 1411 1390 1461 habitabant,
1421 1410 1558 1451 traie-

81 1500 180 1534 ctus
210 1492 267 1532 ad
299 1491 545 1532 Carmanos
576 1503 660 1532 nec
689 1491 745 1531 ad
769 1489 945 1531 Arabes
972 1489 1098 1531 fleret
1128 1490 1401 1532 necessarie.
1449 1488 1556 1529 Cum

81 1571 166 1612 alio
187 1578 330 1612 autem
351 1569 568 1612 vocabulo
587 1570 725 1610 verba
753 1569 957 1623 coniungi
979 1579 1223 1624 nequeunt:
1256 1571 1404 1623 itaque
1423 1568 1558 1608 lineo-

82 1650 165 1691 lam
191 1651 234 1691 in
253 1649 500 1703 archetypo
521 1649 758 1688 evanuisse
781 1649 1052 1688 censendum
1081 1656 1123 1688 et
1155 1648 1435 1690 scribendum
1456 1647 1558 1688 erit:

514 1727 561 1765 in
592 1725 839 1766 adverSaYn
871 1740 1004 1766 oram
1042 1726 1122 1768 l'Cl.

644 1828 708 1875 99
727 1853 777 1871 =
796 1827 993 1876 ibidem.
1586 1851 1665 1893 1:27

147 1949 215 1956 —
241 1921 422 1967 flumen
460 1917 848 1983 Siffiogagus,
888 1935 982 1983 quo
1001 1919 1308 1983 Pasargadas
1333 1926 1557 1984 septumo

150 2011 228 2059 dic
264 2010 534 2074 navigatur.

193 2111 414 2152 Sitaeum
446 2111 641 2151 nominat
662 2111 896 2161 Arrianus,
928 2117 969 2151 et
998 2109 1169 2150 videtur
1190 2109 1353 2149 Plinius
1384 2123 1560 2164 quoque

83 2190 353 2231 nominasse.
397 2192 506 2231 Nam
537 2204 652 2246 quae
685 2191 726 2230 in
758 2189 881 2231 libris
914 2189 1024 2230 Mss.
1053 2187 1259 2243 leguntur
1288 2189 1464 2229 nomina
1493 2186 1560 2229 Si-

84 2269 303 2324 tioqanus9
339 2268 613 2328 Sitioqaclus,
651 2267 897 2325 Sitioqccqzcs
935 2267 1102 2318 omnia,
1142 2274 1188 2308 ut
1219 2274 1348 2322 puto,
1390 2281 1413 2308 e
1445 2266 1562 2309 falsa

83 2346 431 2400 reduplicatione
451 2347 651 2403 syllabae
678 2362 727 2388 Ac
760 2354 859 2388 orta
882 2356 996 2400 sunt,
1027 2353 1071 2387 ut
1102 2346 1143 2386 in
1174 2346 1422 2401 archetypo
1454 2348 1562 2388 scri-

85 2434 204 2480 ptum
242 2425 381 2467 fuisse
425 2428 665 2481 putandum
714 2428 770 2468 sit
808 2440 1036 2467 Si'rACAcvs.
1115 2425 1322 2467 Ceterum
1367 2426 1562 2468 fortasse

84 2505 210 2547 fossa
239 2520 336 2547 cum
367 2505 486 2560 Cyro
516 2506 889 2561 coniungebatur:
930 2506 986 2546 ad
1015 2506 1299 2561 Pasargadas
1332 2506 1443 2546 enim
1474 2519 1561 2546 non

85 2586 354 2639 pertinuisse
387 2592 573 2628 constat.

195 2666 232 2720 ξ.
267 2663 360 2707 104.
404 2674 527 2705 recte
564 2665 836 2718 interpunxit
873 2663 1114 2705 Schwanb.
1152 2661 1312 2717 p.375.
1345 2662 1561 2718 oppidum,

87 2744 203 2801 reqia
236 2744 351 2783 eins:
383 2743 578 2784 fortasse
609 2743 772 2800 regium
802 2743 1000 2784 seribere
1034 2750 1251 2797 praestat,
1281 2741 1397 2782 sicut
1420 2741 1561 2798 §.138

90 2823 273 2872 .‚u1·bem
302 2823 503 2878 regiam⁶⁵
536 2821 732 2877 legimus.
793 2820 830 2875 ἕ.
849 2821 940 2862 107.
970 2821 1166 2862 Ananim
1193 2822 1236 2863 in
1249 2822 1445 2863 Anamin
1477 2837 1563 2863 inu-

1224 2912 1285 2950 ’γὴ
