1914 3237
712 153 844 196 Liber
869 154 974 196 III.
1527 153 1580 195 41

111 278 363 333 scripserit3
404 278 561 319 miscet
591 275 704 318 enim
733 289 815 331 pro
846 290 970 319 more
997 290 1079 319 suo
1111 277 1315 319 diversas
1346 277 1401 320 de
1427 276 1585 319 horum

110 357 373 413 populorum
400 356 570 410 origine
599 354 882 398 narrationes
917 362 960 397 et
983 356 1159 396 nomina
1180 356 1374 410 propria.
1410 355 1586 398 Deinde

111 437 154 478 in
178 436 265 478 fine
285 435 483 478 scribunt
503 433 673 476 cod.A:
705 433 879 491 Iapiqia
896 434 1074 484 Ανίιαη,
1102 433 1174 475 Rd
1197 434 1370 490 Iapiqia
1389 436 1586 486 Amitan,

112 515 227 557 unde
252 513 374 556 facili
403 513 640 555 mutatione
673 511 837 554 efficio:
875 512 1062 570 Iapygia
1090 512 1234 554 Aera
1263 513 1365 563 iam,
1395 527 1481 568 quo
1511 528 1586 555 vo-

111 592 266 637 cabulo
297 593 475 635 Graeco
495 590 640 650 §.10st
669 604 778 633 usus
809 599 918 634 erat.
975 593 1180 645 Amnem,
1213 593 1285 648 qui
1314 593 1415 635 olim
1444 594 1585 650 Iapyx

110 686 138 715 a
173 671 361 714 Daedali
403 671 491 712 filio
529 671 794 722 vocabatur,
843 685 959 713 nune
1009 672 1124 727 (qua
1157 671 1201 713 vi
1243 672 1331 712 iam
1365 674 1585 716 interdum

109 759 376 807 usurpatur,
404 750 523 793 velut
545 750 773 795 LXXXV.
796 751 906 806 init.)
940 750 1135 792 Paetium
1165 751 1386 805 appellari
1413 759 1583 795 narrat.

108 831 318 887 Iapygem
348 838 495 872 autem
519 843 691 871 amnem
718 843 934 886 nusquam
969 831 1307 872 commemorari
1337 832 1423 873 iam
1451 845 1478 873 a
1499 831 1586 875 Sil-

110 909 211 965 ligio
242 911 598 953 animadversum
630 915 710 951 est,

662 1011 753 1059 131
775 1035 826 1057 =
848 1011 927 1073 19,
948 1011 1029 1060 23.
1608 1018 1664 1061 58

219 1112 366 1153 Lacus
394 1111 578 1167 Eupilis,
609 1110 917 1152 terminatione
946 1112 1021 1152 vix
1051 1119 1168 1167 apta.
1199 1113 1383 1155 Videtur
1403 1120 1477 1156 aut
1495 1113 1586 1155 Eu-

106 1191 220 1249 pilus
246 1199 320 1233 aut
350 1191 554 1247 Rupilius
589 1191 873 1233 scribendum
910 1204 1034 1243 esse,
1071 1193 1189 1234 sicut
1219 1192 1397 1234 Larium
1428 1193 1585 1234 Sebin-

106 1286 209 1314 num
242 1271 424 1312 dixerat.
486 1269 788 1312 Confidentius
825 1271 954 1312 etiam
985 1271 1133 1322 §.14³2
1157 1271 1369 1313 Flumina
1393 1271 1534 1327 clara,
1564 1287 1588 1314 e

107 1349 337 1393 Dardanis
365 1349 550 1407 Blarqis,
579 1349 744 1406 Plnqus
775 1357 860 1394 etc.
897 1348 996 1405 lego
1026 1351 1238 1408 Blarqus,
1268 1365 1399 1407 quum
1432 1358 1475 1393 et
1502 1351 1585 1393 Rd

106 1430 291 1471 Marcus
320 1429 527 1472 exhibeat
562 1437 605 1470 et
635 1429 859 1484 scriptura
891 1429 1061 1471 codicis
1092 1431 1133 1471 A
1170 1443 1194 1472 e
1225 1430 1351 1472 simili
1381 1430 1586 1472 termina-

106 1509 225 1551 tione
251 1507 456 1551 vocabuli
485 1508 793 1550 antecedentis
822 1508 1030 1563 profecta
1060 1509 1255 1564 putanda
1284 1510 1352 1551 sit.
1400 1509 1584 1565 Margus

108 1589 221 1630 enim
251 1588 411 1643 ubique
437 1586 689 1641 appellatur
720 1587 880 1629 flumen
906 1588 1193 1630 notissimum.
1225 1587 1584 1645 §.138.f0rtasse

108 1666 273 1708 Plinius
302 1666 547 1721 scripserat
576 1666 627 1707 L.
657 1665 842 1707 Aemilio
872 1665 920 1708 0.
949 1666 1103 1708 Attilio
1133 1666 1391 1719 consulibus,
1425 1669 1582 1725 quibus

109 1760 240 1802 quum
270 1747 325 1788 ab
354 1745 670 1801 interpolatore
702 1746 965 1800 cognomina
996 1746 1286 1798 adderentur,
1317 1747 1484 1790 factum
1515 1759 1585 1792 est

109 1833 154 1868 ut
184 1824 347 1867 Paulus
377 1839 475 1867 cum
509 1825 632 1880 Papo
663 1824 1024 1869 confunderetur.

666 1914 765 1963 144
781 1936 832 1958 =
848 1915 1026 1977 2226.
1607 1924 1664 1967 59

272 2031 529 2082 praeterea
560 2019 822 2067 multorum
853 2016 1100 2068 Graeciae
1132 2016 1424 2082 oppidorum
1464 2018 1584 2068 defi-

176 2108 309 2157 ciens
345 2108 581 2158 memoria
625 2125 718 2157 nec
758 2125 855 2157 non
898 2116 948 2157 et
995 2108 1258 2157 civitatium
1295 2109 1580 2159 validarum.

168 2199 248 2249 Eo
281 2216 488 2265 namque
523 2206 685 2248 tractu
715 2199 855 2248 fuere
886 2199 1160 2261 Labeatae,
1196 2199 1462 2262 Enderini,
1496 2201 1584 2249 Sa-

176 2291 295 2352 saei,
330 2290 548 2340 Grabaei
577 2289 880 2360 proprieque
917 2289 1033 2339 dicti
1060 2290 1220 2356 Illyrii
1251 2299 1300 2340 et
1336 2292 1584 2341 Taulantii

178 2389 228 2431 et
260 2381 463 2446 Pyraei.
533 2381 791 2430 Retinet
823 2397 1000 2429 nomen
1024 2381 1088 2441 pin
1122 2399 1208 2431 ora
1236 2382 1583 2449 Nymphaeum

173 2471 576 2538 promontorium,
612 2472 812 2521 Lissum
856 2472 1089 2537 oppidum
1126 2489 1212 2521 etc.

220 2572 319 2614 Duo
351 2579 453 2614 sunt
484 2586 597 2628 quae
634 2573 676 2614 in
707 2572 795 2614 hoc
835 2572 936 2616 loco
971 2581 1058 2616 tam
1089 2573 1202 2616 male
1233 2587 1303 2616 me
1337 2573 1502 2616 habent
1535 2582 1584 2617 ut

109 2665 266 2695 sanum
295 2665 401 2694 esse
429 2665 605 2708 negem.
665 2652 777 2693 Nam
807 2653 954 2708 inepte
984 2655 1273 2708 promontorii
1302 2667 1465 2696 nomen
1493 2667 1584 2697 ser-

112 2739 257 2774 vatum
288 2732 373 2773 dici
404 2732 501 2788 quis
534 2737 603 2773 est
633 2731 736 2788 quin
751 2731 930 2773 videat?
960 2733 1118 2774 Nonne
1135 2734 1433 2789 navigantium
1453 2747 1584 2790 quam

114 2810 299 2853 maxime
333 2811 566 2862 intererat,
603 2818 651 2852 ut
691 2811 979 2854 servaretur?
1040 2811 1131 2854 Cur
1159 2812 1291 2868 igitur
1322 2814 1493 2856 dicetur
1523 2813 1584 2855 di-
