1914 3237
151 1141 233 1185 785

150 1593 234 1637 78ss

161 2496 241 2538 787

256 140 338 184 230
828 147 942 186 Liber
972 149 1101 187 XXX
1111 150 1151 188 V.

257 275 334 312 rat.
392 270 475 312 Ubi
506 272 617 313 enim
647 273 758 314 male
786 275 921 330 repeti
949 276 1080 318 verba
1109 277 1317 318 intellexit
1346 278 1416 333 qui
1440 278 1561 320 Plinii
1590 279 1719 321 libros

257 349 462 401 correxit,
510 349 551 390 in
597 352 787 406 margine
833 353 1042 408 prioribus
1087 355 1303 397 vocabulis
1348 356 1540 409 ,alterum
1571 358 1720 412 genus‘

257 426 481 480 adscripsit
512 427 604 479 ,hoc
637 434 701 469 est
730 430 909 484 glaeba‘.
955 431 1105 487 Itaque
1133 432 1291 474 factum
1322 441 1387 474 est
1416 440 1462 476 ut
1490 449 1574 476 non
1606 448 1722 477 error

258 504 372 544 solus
423 511 662 546 remaneret
712 506 787 547 sed
836 507 1025 549 eiusdem
1077 511 1280 551 correctio
1335 525 1489 553 novum
1538 526 1722 554 errorem

256 587 435 637 pareret.
495 580 587 629 Quo
619 582 909 626 additamento
955 587 1131 641 expulso
1162 588 1292 629 verba
1342 590 1537 642 ,solidum
1573 592 1722 632 solum‘

258 659 545 714 dittographia
582 659 776 702 laborare
815 669 1002 717 apparet.
1061 664 1224 707 Rursus
1254 681 1487 722 pronomen
1530 671 1628 723 hoc,
1669 669 1722 711 ab

257 737 419 778 Isidoro
445 737 561 779 XVI.
591 743 599 779 1
632 739 674 780 in
705 753 780 791 quo
812 746 1020 783 mutatum
1051 757 1128 784 suo
1159 743 1251 785 loeo
1283 750 1442 787 motum
1472 747 1515 788 in
1546 745 1722 788 subditi-

258 816 366 857 oium
397 816 500 857 illud
529 816 696 858 videtur
725 817 896 860 abiisse.
955 820 1104 876 Itaque
1134 821 1239 863 haec
1268 822 1392 864 Plinii
1432 825 1564 882 ipsius
1594 825 1723 867 verba

257 895 389 937 fuisse
419 900 751 937 consentaneum
785 904 869 939 est:

317 978 359 1016 G.
392 989 428 1026 q.
460 989 493 1016 v.
525 989 561 1026 q.
597 978 637 1015 G.
670 989 707 1015 a.
741 990 774 1016 υ.
812 981 992 1018 nascitur
1029 981 1220 1028 solidum
1265 987 1396 1022 celera
1436 995 1467 1024 e.
1502 986 1524 1023 l.
1556 995 1589 1024 c·
1626 995 1659 1024 e.
1690 994 1724 1024 c.

314 1067 348 1094 o.
380 1057 423 1103 κζ,
450 1068 484 1094 r.
518 1068 549 1095 e.
582 1062 606 1096 t.
638 1067 668 1096 e.
700 1058 811 1107 viret,
842 1058 919 1097 hoc
948 1060 1031 1098 solo
1062 1071 1110 1097 m.
1142 1072 1178 1098 u.
1209 1058 1283 1099 rel.

371 1133 561 1173 Alteram
592 1132 921 1190 dittographiam
952 1135 993 1176 in
1022 1137 1214 1191 proximo
1245 1151 1372 1178 sensu
1396 1138 1727 1195 deprehendisse

259 1211 360 1252 mihi
407 1210 572 1265 videor,
630 1225 726 1253 nam
775 1212 887 1268 quod
930 1213 986 1254 ibi
1028 1215 1196 1256 tertium
1243 1230 1376 1271 genus
1424 1217 1531 1258 lanis
1584 1215 1727 1257 suffitu

262 1283 523 1333 eandorem
560 1288 746 1332 tantum
780 1282 1130 1350 mollitiamque
1177 1297 1367 1336 conferre
1418 1294 1570 1336 dicitur
1627 1294 1727 1349 quid

260 1378 482 1428 praeterea
526 1372 717 1413 conferre
762 1374 931 1428 potest?
988 1374 1190 1429 Repetita
1234 1387 1316 1415 vox
1356 1377 1421 1415 est
1465 1387 1487 1414 e
1525 1372 1727 1429 proximis

261 1450 546 1505 superioribus
577 1450 690 1506 quod
720 1451 865 1492 vitium
895 1452 979 1493 iam
1010 1452 1080 1509 qui
1111 1465 1221 1494 saec.
1251 1451 1333 1493 XV
1374 1451 1564 1494 codicem
1593 1450 1621 1492 h
1652 1464 1724 1492 ex-

264 1529 423 1581 aravit,
456 1528 765 1570 animadvertit.

832 1587 922 1636 180
942 1606 1001 1626 =
1024 1589 1180 1646 15‚51.

326 1674 578 1723 Bituminis
616 1674 866 1738 probatio,
919 1681 971 1724 ut
1017 1691 1160 1740 quam
1214 1674 1423 1724 maxime
1471 1673 1730 1739 splendeat

326 1763 485 1827 sitque
526 1762 858 1827 ponderosum
885 1779 943 1813 ac
968 1779 1135 1829 grave,
1173 1762 1284 1813 leve
1325 1766 1486 1813 autem
1520 1761 1728 1821 modice,

329 1852 557 1915 quoniam
592 1851 892 1901 adulteratur
928 1853 1052 1917 pice.

374 1939 548 1993 ‚Magna
598 1939 639 1979 in
669 1938 733 1980 his
771 1940 944 1981 vocibus
990 1940 1241 1996 corruptela‘
1288 1939 1449 1995 Silligio
1488 1938 1628 1979 inesse
1672 1937 1730 1978 vi—

265 2019 399 2070 detur,
430 2018 545 2059 nulla
574 2018 686 2059 inest
716 2032 809 2059 cum
841 2018 1008 2060 codices
1033 2024 1203 2060 secutus
1226 2032 1308 2059 non
1333 2022 1500 2058 tantum
1518 2030 1613 2057 cum
1628 2017 1732 2057 Iano

265 2110 411 2138 vocem
470 2098 546 2149 ,ac‘
608 2096 685 2137 sed
745 2096 872 2137 etiam
929 2097 1310 2152 interpunctionem
1362 2095 1565 2137 omiseris.
1624 2093 1732 2135 Tum

267 2175 376 2216 enim
425 2176 603 2216 alterum
664 2189 798 2230 genus
855 2175 1070 2217 bituminis
1115 2177 1272 2230 ‚grave‘
1316 2171 1339 2230 ἡ
1399 2173 1734 2231 πορφυροειδῶς

269 2255 504 2307 στίλβουσα
540 2279 583 2283 --
618 2258 692 2296 καὶ
735 2259 893 2310 βαρεῖα
944 2254 1159 2308 (Dioscor.
1189 2253 1222 2294 I.
1253 2253 1329 2303 99)
1383 2265 1509 2308 quam
1549 2251 1734 2292 maxime

269 2332 490 2388 splendere
522 2337 563 2373 et
594 2333 877 2388 ponderosum
910 2347 1003 2374 esse
1034 2331 1207 2384 dicitur,
1254 2331 1374 2383 ,leve‘
1417 2329 1594 2371 alterum
1633 2342 1734 2383 ,mo-

269 2410 374 2451 diee‘
406 2425 462 2451 se.
489 2411 710 2465 splendere
742 2424 849 2467 quae
881 2409 1083 2467 ῥυπώδης
1108 2408 1398 2451 aDioscoride
1429 2408 1675 2464 appellatur.

555 2495 708 2542 1911:
751 2495 905 2551 16,53.
951 2491 1040 2552 (de
1076 2497 1200 2541 terra
1240 2489 1449 2550 Samia).

339 2581 530 2632 Samiae
569 2582 694 2631 duae
729 2586 854 2640 sunt,
906 2596 1030 2645 quae
1069 2579 1324 2644 collyrium
1363 2584 1410 2628 et
1446 2592 1570 2642 quae
1607 2579 1736 2624 aster

337 2670 658 2736 appellantur.
729 2669 910 2720 Prioris
945 2668 1050 2718 laus
1098 2674 1146 2718 ut
1182 2683 1357 2718 reeens
1390 2667 1451 2716 sit
1495 2680 1552 2715 ae
1589 2664 1736 2714 lenis-

339 2761 460 2809 sima
478 2759 775 2824 linguaeque
796 2758 1069 2823 glutinosa3
1103 2757 1253 2806 altera
1288 2754 1584 2820 glaebosior,
1622 2767 1736 2803 can-

341 2849 480 2909 dida3
517 2853 718 2911 utraque
756 2846 919 2904 uritur,
958 2845 1161 2894 lavatur.
