1914 3237
289 123 368 164 152
899 119 1030 160 Liber
1058 119 1148 160 IX.

286 246 487 298 legamus
517 254 661 296 neque
692 242 858 292 sar-isis,
889 243 1006 298 quod
1037 241 1306 283 subridicule
1331 239 1522 296 Silligius
1553 238 1756 281 coniecit.

289 323 428 371 Quasi
457 334 564 362 vcro
596 320 737 361 hastis
772 334 857 363 nec
892 321 1024 362 remis
1055 321 1096 361 in
1129 319 1340 373 fugiendo
1372 319 1578 367 utendum
1612 316 1758 360 esset!

287 403 347 443 At
382 414 516 452 vero,
551 402 722 456 quaerit
753 400 970 456 Silligius,
1012 400 1266 441 adverbium
1299 398 1427 438 aliter
1457 397 1525 437 cui
1555 397 1670 437 bono
1700 396 1759 436 ita

288 480 507 521 adiectum
539 478 639 520 cst?
675 479 848 533 Optime
872 478 958 519 huc
976 478 1196 533 quadrare
1216 475 1481 529 intelligitur,
1513 474 1641 514 inodo
1661 486 1760 513 con·

289 566 485 602 struatur
521 571 616 600 cum
650 558 799 599 verbis
838 572 925 597 mm
955 563 1062 597 erat.
1129 555 1357 610 Significat
1389 554 1504 595 enim
1547 551 1760 606 ‚,alioqui,

291 645 443 692 utpote
477 639 621 692 sparsi
653 652 740 678 non
773 637 1023 691 potuissent
1053 636 1291 685 cva‹lcre“,
1321 634 1449 675 sicuti
1476 631 1676 673 xxxin.
1695 630 1761 671 20.

290 718 469 772 legitur:
512 728 693 769 „neque
725 714 837 755 enim
870 713 995 754 aliter
1024 714 1274 767 potuissent
1302 712 1503 752 trimodia
1535 709 1763 750 anulorum

293 820 343 825 —
364 796 516 836 mitti2‘.
578 795 646 835 Nc
677 793 748 835 illa
778 794 950 848 quidem
982 806 1095 848 quae
1130 799 1388 846 sequuntur,
1418 791 1459 830 in
1493 790 1649 843 quibus
1677 801 1764 827 ma·

292 886 421 927 gnam
461 870 757 925 corruptelam
799 870 939 912 latere
976 870 1231 923 suspicatur
1271 868 1485 923 Silligius,
1530 866 1765 922 quidquam

295 952 466 993 molesti
488 952 663 992 habent.
726 950 962 991 Rhetorice
996 950 1150 990 eadem
1181 949 1341 1002 repetit
1362 961 1475 1003 quae
1495 947 1611 1000 apud
1630 946 1768 986 Near-

295 1030 424 1071 chum
466 1028 659 1084 legerat:
706 1028 792 1068 ictu
826 1026 1010 1069 telorum
1040 1041 1127 1067 non
1159 1028 1317 1068 terreri
1346 1026 1514 1067 belluas
1541 1026 1768 1074 immanes,

295 1109 452 1150 sedne
469 1121 584 1149 voce
613 1107 786 1162 quidem
819 1112 893 1146 aut
914 1106 1057 1146 sonitu
1087 1106 1286 1146 tubarum
1309 1103 1405 1146 solo
1427 1103 1586 1159 fugari,
1615 1117 1768 1144 verum

296 1187 485 1228 maximo
517 1184 722 1239 fragore,
752 1184 822 1239 qui
857 1191 899 1224 ct
929 1183 1122 1224 clamore
1151 1182 1324 1223 sublato
1356 1193 1398 1223 et
1429 1184 1627 1223 tubarum
1661 1195 1770 1223 con-

297 1275 428 1307 centu
460 1272 503 1306 et
534 1277 752 1304 armorum
787 1276 1092 1317 remorumque
1124 1263 1312 1316 strepitu
1349 1261 1646 1314 efficiebatur,
1678 1268 1770 1302 tan·

299 1345 397 1385 dem
437 1357 489 1384 eo
529 1341 784 1396 compulsas
824 1339 964 1382 fuisse
1007 1340 1242 1390 balaenas,
1299 1349 1344 1381 ut
1382 1354 1521 1395 aquas
1562 1339 1772 1381 subirent.

299 1423 485 1463 Brevius
507 1421 683 1462 Curtius
714 1424 961 1471 „trucem“
992 1420 1123 1460 modo
1156 1424 1411 1471 „cantum“
1444 1428 1773 1467 commemorat,

299 1499 535 1541 Nearchus
551 1512 659 1539 vexo
678 1499 737 1538 ait
754 1499 869 1551 apud
886 1498 1143 1539 Ari-ianam:
1175 1498 1365 1547 ἐνταῧξνα
1379 1496 1534 1547 αὐτοὺς
1561 1496 1639 1553 μὲν
1670 1493 1775 1539 ὅσον

301 1580 346 1621 αἱ
378 1575 564 1632 κεφαλαὶ
603 1575 796 1619 αὐτοῖσιν
837 1575 1020 1630 ἐχώρεον
1062 1575 1421 1629 ἐπαλαλάξαι,
1460 1574 1534 1624 τὰς
1569 1574 1613 1618 δὲ
1655 1574 1774 1616 σάλ-

301 1673 494 1713 πιγγας
535 1654 721 1709 σηλιιῆυαι
756 1651 829 1696 παὶ
866 1652 937 1695 τὸν
974 1652 1164 1695 κτύπου
1206 1652 1288 1696 ἀπὸ
1326 1655 1395 1706 τῆς
1421 1652 1594 1709 εἶρεσῖης
1629 1652 1686 1701 ὡς
1715 1650 1777 1694 ἐπὶ

300 1735 507 1790 μήκιστον
546 1736 808 1785 κατασχεῖν,
850 1731 1046 1772 Similiter
1077 1731 1320 1773 Diodorus:
1363 1731 1467 1787 μετὰ
1499 1730 1543 1774 δὲ
1573 1731 1706 1773 ταῧτα
1735 1732 1778 1784 ἒξ

302 1813 502 1856 ἁπάντων
531 1813 653 1867 μιᾶς
682 1810 855 1865 φῶνης
883 1811 1141 1866 γιγνομένης
1169 1809 1242 1853 καὶ
1264 1810 1335 1853 διὰ
1363 1811 1460 1852 τῶν
1490 1806 1658 1852 ὅπλων
1685 1814 1779 1850 πολ-

304 1894 382 1934 λοῦ
411 1890 747 1945 συντελουμένου
780 1888 975 1942 ψόφου,
1020 1887 1120 1943 πρὸς
1161 1887 1205 1930 δὲ
1238 1887 1397 1937 Τούτοις
1434 1889 1529 1930 τῶν
1561 1886 1780 1942 σαλπῖγο

303 1991 407 2028 ιγωυ
438 1969 672 2025 ἐνιειιιέυων,
703 1968 759 2021 τῷ
789 1967 1015 2021 παραδόξῃι)
1042 1968 1274 2019 πτοηὲἧναι
1313 1965 1364 2008 τὰ
1394 1966 1524 2021 ἓτηριά
1555 1986 1595 2008 κ.
1621 1984 1654 2010 τ.
1682 1971 1718 2006 λ.

417 2048 557 2089 Vides
587 2048 729 2101 igitur,
761 2046 934 2087 omissis
954 2046 1036 2087 illis
1060 2047 1205 2087 verbis
1235 2052 1276 2085 et
1306 2045 1414 2084 alias
1447 2051 1568 2084 taum
1601 2044 1782 2099 thynno-

308 2143 404 2168 rum
435 2125 714 2166 nmleieudine
757 2138 884 2179 quam
923 2133 1025 2178 apte
1056 2124 1273 2177 procedat
1305 2125 1456 2165 oratio.
1518 2124 1627 2163 Num
1657 2123 1784 2175 igitur

310 2207 525 2248 eiicicnda
553 2211 654 2245 sunt
683 2217 738 2244 an
769 2202 854 2243 alio
893 2202 1089 2243 sortasse
1121 2202 1403 2256 ableganda?
1461 2202 1664 2251 Minime,
1703 2200 1785 2241 scd

309 2286 435 2327 aliter
466 2283 828 2338 interpungenda.
889 2281 1068 2323 Scilicet
1103 2289 1147 2322 et
1176 2281 1361 2336 plurima
1401 2288 1443 2321 et
1472 2282 1659 2320 maxima
1691 2278 1786 2318 ani-

311 2365 440 2406 malia
471 2364 510 2404 in
533 2363 680 2403 Indico
712 2361 819 2401 mari
852 2361 1054 2414 conspici
1083 2360 1154 2400 ubi
1175 2358 1304 2413 paulo
1322 2372 1459 2412 snpra
1484 2358 1589 2398 dixit
1608 2357 1786 2407 Plinius,

313 2442 650 2498 magnitudinem
682 2446 835 2480 nostro
868 2438 967 2479 loco
997 2437 1217 2478 luculenta
1254 2438 1552 2491 descriptione
1587 2442 1788 2484 exornat,

314 2521 628 2562 multitudinem
669 2518 810 2558 obiter
850 2519 907 2557 ita
946 2516 1108 2571 tangit,
1150 2524 1196 2556 ut
1234 2517 1494 2570 thynnorum
1526 2527 1687 2569 greges
1718 2514 1789 2568 qui

312 2600 415 2640 alibi
445 2597 737 2651 reperiantur,
760 2609 928 2649 aequos
952 2594 1047 2635 scre
1080 2608 1182 2635 csse
1211 2595 1444 2635 concedat.
1481 2593 1551 2634 Ad
1580 2607 1670 2633 rem
1702 2592 1790 2646 qui-

314 2680 411 2720 dem
431 2677 548 2732 quod
570 2676 741 2723 attinet,
772 2681 919 2714 notum
952 2679 1021 2713 est
1052 2682 1094 2713 et
1125 2673 1165 2712 in
1191 2672 1392 2726 Bosporo
1425 2673 1642 2724 ingentem
1669 2669 1792 2725 thyn-

316 2770 467 2799 norum
491 2754 664 2807 copiam
683 2752 917 2806 quotannis
938 2751 1123 2805 reperiri
1148 2749 1227 2803 (cf.
1250 2749 1361 2791 insra
1380 2749 1483 2804 §.49
1498 2764 1612 2804 sqq„
1628 2748 1788 2790 Athen.
