1914 3237
205 2658 283 2699 165

303 115 382 155 132
896 109 1027 152 Liber
1059 111 1105 152 V
1100 111 1134 153 I
1132 111 1164 153 Ῑ
1164 144 1173 153 .

301 249 443 291 aeque
481 235 718 289 corruptis.
790 233 1029 276 Manifesto
1060 234 1174 275 enim
1206 234 1261 275 de
1292 233 1386 274 viro
1417 232 1675 275 Aetolorum
1704 233 1770 276 sa-

301 314 412 356 bulis
454 313 584 354 valde
622 312 847 355 celebrato
887 327 1034 355 sermo
1066 322 1158 363 est,
1205 314 1442 354 Tum-mum
1476 313 1602 364 dico,
1642 327 1770 368 quem

303 392 506 445 corporis
533 392 693 432 robore
726 392 926 432 omnibns
954 391 1143 433 Graecis
1175 392 1452 446 praestitisse
1485 392 1770 432 consentiens

302 469 396 510 tulit
425 470 541 524 apud
561 477 739 511 veteres
764 469 894 513 sama.
956 471 1038 518 Qui
1074 480 1298 524 pastorum
1334 474 1683 525 rusticorumque
1708 471 1771 511 vi-

304 558 388 590 tam
422 557 464 591 et
494 548 761 603 significavit
791 559 833 590 et
863 550 1036 590 nomine
1062 551 1190 590 etiam
1223 549 1482 591 declaravit.
1517 549 1630 596 Quid
1659 550 1771 589 enim

303 627 416 668 aliud
458 636 525 668 est
559 626 761 682 Τι’γορμος
804 641 857 668 ae
895 627 1092 683 Τίτυρος,
1129 641 1153 668 a
1190 643 1274 683 quo
1315 628 1533 669 vocabulo
1574 627 1772 682 pleniore

304 715 466 748 tantum
497 707 801 747 terminatione
847 706 1005 751 distat?
1066 707 1289 754 Quocirca
1323 706 1518 762 Tityrum
1552 706 1771 755 Aetolum⁷

304 786 428 826 euius
472 784 556 825 lilia
594 784 764 825 llelena
807 784 924 839 apud
964 784 1258 825 Ptolemaeum
1293 783 1665 837 Hephaestionem
1697 784 1770 824 lib.

302 865 376 905 lV.
400 880 440 917 p.
460 864 551 905 190.
576 865 642 905 ed.
662 863 896 904 Westerm.
929 875 952 903 e
983 870 1115 917 poeta
1146 861 1290 917 aliquo
1322 861 1641 913 Alexandrino,
1671 863 1774 903 Ale-

302 943 471 984 xandro
504 942 699 983 sortasse
730 942 915 994 Aetolo,
955 941 1168 982 Achillem
1206 941 1372 982 vicisse
1405 942 1608 994 traditur,
1650 955 1676 983 a
1703 942 1774 983 Ti-

302 1028 441 1061 tormo
472 1033 559 1060 non
602 1018 743 1060 fuisse
783 1020 1004 1060 diversum
1046 1019 1192 1060 licebit
1231 1020 1452 1063 arbitrari.
1523 1021 1607 1068 Qui
1643 1035 1772 1076 quum

302 1099 418 1139 initio
454 1098 589 1138 heros
628 1098 801 1152 quidam
843 1111 954 1143 aevo
992 1096 1195 1138 sabuloso
1230 1096 1367 1139 fuisse
1399 1098 1611 1148 videatur,
1647 1113 1773 1154 quem

303 1178 559 1232 pastoritiae
585 1178 698 1217 vitae
720 1178 910 1218 deditum
931 1178 1116 1218 decebat
1138 1189 1246 1217 sane
1267 1176 1489 1217 hominum
1510 1178 1776 1219 commercia

302 1256 468 1297 evitare
493 1263 534 1296 et
556 1257 761 1296 montium
782 1254 1040 1296 solitudines
1063 1268 1278 1310 quaerere
1296 1253 1371 1306 (ef.
1389 1253 1633 1295 Herodwl.
1658 1255 1772 1309 121⁶),

301 1335 509 1390 paulatim
541 1334 701 1375 factum
735 1342 803 1375 est
843 1342 887 1375 ut
925 1335 1057 1374 variis
1091 1333 1417 1374 narrationibus
1451 1333 1640 1374 diversis
1672 1341 1775 1376 teni-

303 1414 484 1467 poribus
512 1414 632 1454 vires
663 1413 866 1466 corporis
900 1411 1154 1452 exhibuisse
1186 1410 1390 1452 ferretur.
1449 1410 1560 1450 Nam
1591 1419 1632 1451 et
1652 1411 1775 1453 Milo·

303 1491 369 1531 nis
401 1490 684 1531 Crotoniatae
717 1488 915 1544 aequalis
946 1487 1084 1529 fuisse
1120 1489 1305 1529 traditur
1335 1490 1388 1528 ab
1420 1488 1605 1530 Aeliano
1642 1489 1692 1530 V.
1725 1489 1775 1532 ll.

301 1568 393 1611 ΧΠ.
414 1568 479 1611 22.
500 1576 646 1623 atque,
679 1575 724 1608 ut
754 1568 941 1618 videtur,
973 1569 1026 1608 ab
1051 1567 1307 1608 Alexandro
1325 1568 1485 1608 Aetolo
1515 1567 1593 1621 (cs.
1613 1568 1773 1610 Athen.

302 1647 354 1689 X.
383 1663 424 1701 p.
443 1647 525 1686 412
540 1647 612 1700 κ’),
631 1660 760 1700 quem
786 1644 838 1686 ol.
858 1645 991 1688 LXll.
1014 1645 1245 1699 Olympiae
1269 1646 1444 1695 vicisse,
1474 1645 1772 1689 ol.LXV11.3.

304 1725 536 1781 Sybaritas
568 1737 716 1778 pugna
747 1736 989 1776 superasse
1021 1731 1219 1771 constat„
1262 1731 1304 1763 et
1335 1723 1387 1763 ol.
1414 1723 1502 1764 XL.
1536 1723 1774 1766 Clistheuis·

306 1805 500 1859 Sicyonii
540 1804 671 1844 aetati
714 1803 960 1844 attribuitur
989 1803 1042 1842 ab
1075 1801 1303 1842 Herodoto
1343 1801 1421 1845 1.1.
1484 1803 1614 1857 Apud
1648 1818 1775 1858 quem

306 1897 434 1938 quum
456 1882 664 1923 l‘hidonis
685 1894 859 1936 quoque
876 1880 1028 1934 Argivi
1057 1879 1168 1920 filius
1192 1880 1435 1921 devertisse
1468 1881 1651 1934 dicatur,
1683 1881 1777 1922 lieri

305 1962 507 2005 facillime
546 1962 707 2015 potuit,
747 1968 791 2000 ut
827 1959 1088 2007 DaiiiasteS‚
1131 1971 1184 1998 ea
1219 1971 1304 2013 qua
1346 1959 1579 2000 utebantur
1616 1959 1776 2012 simpli-

306 2041 438 2081 citate
468 2048 647 2081 veteres
679 2037 939 2093 logographi
970 2038 1010 2078 in
1030 2036 1190 2078 fabulis
1222 2044 1465 2090 temporum
1493 2039 1662 2080 ratione
1693 2039 1775 2080 dis·

306 2119 538 2174 ponendis,
573 2119 811 2161 l'liidonem
840 2131 865 2158 a
887 2117 1080 2158 Temeno
1113 2116 1342 2170 septimum
1376 2115 1443 2156 vel
1475 2116 1687 2157 decimum
1721 2117 1777 2157 vi·

306 2199 427 2239 xisse
456 2204 596 2248 ratus,
630 2197 908 2240 narrationes
940 2197 1142 2237 diversas
1173 2196 1259 2236 vita
1281 2195 1459 2235 'sitm-mi
1487 2194 1598 2235 ultra
1627 2195 1778 2236 liuma-

308 2291 407 2316 num
443 2276 616 2317 modum
666 2276 880 2330 producta
926 2273 1181 2314 conciliaret
1228 2286 1413 2328 eumque
1455 2286 1479 2313 a
1520 2288 1635 2314 nono
1677 2280 1777 2314 ante

308 2367 456 2394 aeram
485 2362 681 2395 nostram
715 2353 896 2393 saeculo
927 2353 981 2391 ad
1011 2360 1180 2392 sextum
1207 2366 1343 2405 usque
1377 2352 1641 2405 pertinuisse
1674 2365 1776 2393 con-

308 2433 472 2475 iiceret.
502 2430 607 2472 Utut
629 2438 710 2481 est,
743 2430 920 2484 scripsit
939 2430 1052 2471 haud
1080 2428 1208 2471 dubie
1228 2428 1391 2470 l'linius
1418 2430 1599 2486 eiusque
1621 2437 1777 2472 auctor

310 2509 535 2551 Valerius:
577 2510 826 2549 Tilormnm.

865 2630 961 2678 174
979 2651 1029 2673 =
1047 2630 1127 2691 52,
1150 2631 1229 2678 53.

376 2735 452 2782 De
483 2734 638 2781 anima
668 2733 1018 2797 reperimuS...
1051 2731 1278 2780 Aristeae
1309 2730 1451 2778 etiam
1480 2731 1630 2780 visam
1664 2749 1775 2782 evo·
