1914 3237
152 480 232 523 694

154 1410 233 1454 695

153 1745 234 1789 696

157 2709 237 2753 697

262 147 342 191 194
844 149 963 189 Liber
982 149 1146 189 XXXI.

261 276 434 318 alterius
464 289 610 318 versus
639 277 681 316 in
713 277 890 317 alterum
929 278 1135 332 migrasse
1165 281 1291 332 atque
1321 281 1419 318 ante
1450 291 1485 320 v,
1514 278 1726 326 frondibus

261 353 620 409 transponendum
645 367 740 395 esse
768 353 946 396 videtur.

852 457 1134 513 55:530.

328 542 387 592 Et
439 542 521 591 illa
588 541 803 591 miraculi
866 541 1033 606 plena,
1102 541 1397 590 Arethusam
1467 540 1726 606 Syracusis

329 631 487 679 limum
546 629 771 679 redolere
825 644 913 693 per
965 627 1216 701 Olympia,
1287 630 1488 693 verique
1557 629 1726 687 Simile,

329 718 556 783 quoniam
610 717 835 781 Alpheus
903 716 947 764 in
1002 730 1106 764 eam
1169 715 1373 766 insulam
1436 717 1526 766 sub
1587 717 1720 772 [ima]

325 807 473 856 maria
508 810 738 871 permeet.

371 898 458 934 Ima
488 898 613 934 maria
639 906 925 946 non—prorsus
957 892 1125 946 quidem
1158 905 1183 932 a
1213 891 1335 932 Plinii
1365 904 1560 934 sermone
1591 893 1730 934 aliena

263 976 380 1024 sunt,
425 972 558 1012 01:11.
600 971 697 1023 128,
757 970 835 1011 etsi
887 969 1129 1025 genetivum
1172 973 1293 1011 maris
1330 971 1423 1011 voci
1483 970 1601 1012 addit
1652 975 1731 1012 ima

261 1049 444 1092 XXXII.
476 1049 550 1091 64:
600 1048 675 1089 sed
716 1047 782 1088 hic
822 1048 944 1088 unius
989 1047 1145 1088 codicis
1187 1047 1214 1088 d
1243 1048 1495 1090 auctoritate
1525 1050 1725 1102 nituntur,

262 1129 303 1168 in
334 1128 373 1168 R
402 1131 581 1168 semmriu
614 1128 655 1167 in
685 1126 723 1166 V
755 1129 908 1166 snbima
939 1125 1104 1180 legitur.
1164 1125 1287 1173 Quod
1317 1140 1444 1181 quum
1477 1141 1571 1168 cum
1611 1127 1726 1169 locu-

262 1207 376 1247 tione
414 1206 602 1246 Senecae
640 1204 716 1245 ΙΙΙ.
747 1203 800 1247 26
837 1208 909 1244 sul)
947 1217 1056 1244 mare
1103 1204 1238 1259 magis
1285 1205 1526 1260 conspiret,
1583 1219 1730 1259 vocem

263 1288 340 1325 ima
371 1296 615 1339 expungere
646 1282 800 1323 malini.

854 1388 911 1433 61
1006 1387 1131 1441 632.

328 1475 453 1523 sicut
489 1474 534 1522 in
573 1472 785 1537 Segesta
823 1471 1039 1529 Siciliae,
1079 1470 1264 1529 Larisa,
1306 1470 1495 1520 Troade
1536 1472 1621 1522 rel.

372 1562 486 1603 Fort.
519 1576 597 1602 scr.
629 1565 772 1602 Larisa
805 1564 983 1612 Troade,
1014 1564 1060 1600 ut
1090 1572 1114 1599 a
1137 1559 1288 1600 ceteris
1319 1558 1484 1614 oppidis
1517 1562 1730 1616 cognomi-

262 1641 385 1682 nibus
417 1640 713 1695 distinguatur.

856 1723 916 1767 65
939 1738 981 1756 =
1005 1720 1128 1776 6‚33.

331 1808 526 1858 Lendes
567 1835 617 1841 —r
659 1806 752 1854 hac
779 1811 1018 1864 curantur,
1059 1810 1106 1854 ut
1129 1805 1327 1854 liventia
1349 1806 1537 1855 reducit
1560 1807 1729 1855 eadem

336 1906 490 1961 (aqua
525 1895 733 1954 marina)
777 1894 838 1942 ad
877 1892 1106 1943 colorem.

374 1995 416 2026 ul
443 1985 486 2032 h,
516 1985 541 2025 l.
574 1984 761 2037 ineptum
801 1982 954 2036 legitur
993 1981 1161 2037 quidem
1200 1984 1239 2023 in
1273 1981 1366 2022 RV
1406 1981 1482 2023 sed
1527 1980 1652 2022 facile
1689 1980 1731 2021 in

265 2078 322 2105 ac
351 2067 548 2104 mutatur.
607 2061 644 2115 ὃ.
676 2062 729 2104 76
760 2065 873 2101 recte
912 2060 1037 2115 vulgo
1070 2060 1195 2101 scribi
1234 2074 1286 2101 ex
1316 2064 1508 2112 apposz'le‘s
1537 2061 1732 2099 montibus

265 2147 461 2192 deseratus,
493 2140 759 2180 durissimam
792 2142 1043 2179 structuram
1074 2151 1125 2178 ex
1153 2141 1213 2179 leis
1245 2152 1309 2189 ap.
1341 2152 1387 2179 m.
1420 2137 1557 2178 Plinio
1588 2149 1612 2176 a
1643 2135 1729 2177 Sill.

265 2221 353 2262 Ian.
387 2219 593 2260 immerito
634 2216 823 2266 obtrudi,
865 2216 956 2270 ipsa
988 2215 1188 2257 librorum
1219 2215 1340 2257 MSS.
1386 2215 1624 2268 corruptela
1661 2213 1729 2254 de-

265 2303 534 2340 monstratur.
568 2296 675 2336 Nam
708 2295 819 2349 quod
852 2294 1067 2348 praecedit
1098 2302 1134 2335 et
1155 2297 1263 2335 Oaeus
1296 2293 1417 2335 deest
1446 2294 1487 2333 in
1518 2292 1730 2347 plerisque

265 2377 386 2417 codd.
419 2392 474 2417 sc.
507 2376 546 2415 in
579 2388 629 2414 ea·
659 2377 720 2414 leis
749 2376 1010 2426 corruptum,
1043 2372 1083 2411 in
1114 2371 1171 2411 R2
1202 2386 1296 2413 cum
1327 2349 1641 2426 praepositione
1672 2371 1731 2411 ita

267 2455 533 2495 coniunctum
573 2457 656 2493 est:
717 2455 870 2503 yxe'sses
913 2450 936 2489 i.
969 2463 1004 2490 e.
1042 2463 1144 2490 oxus
1185 2463 1248 2490 ex.
1309 2449 1507 2490 Ceterum
1544 2448 1649 2489 haec
1687 2449 1729 2488 in

266 2539 529 2583 transcursu,
578 2544 673 2570 nam
716 2542 740 2569 a
777 2527 1047 2569 defendenda
1085 2528 1257 2582 vulgata
1293 2531 1390 2568 ante
1422 2526 1508 2567 Sill.
1551 2525 1729 2566 lectione

267 2611 457 2653 consulto
490 2609 695 2650 abstineo.

855 2687 1121 2742 78:739.

332 2792 495 2827 muros
533 2777 805 2838 domosque
844 2773 1016 2821 massis
1052 2770 1168 2820 salis
1204 2770 1399 2819 faciunt.
