1914 3237
277 152 356 196 174
852 154 971 194 Liber
1001 154 1163 195 XXIX.

336 296 561 330 anserum
597 280 778 345 alioqui
815 281 1117 332 celeberrimi
1154 297 1294 340 uSUS,
1349 283 1438 331 sed
1475 283 1521 330 in
1558 283 1653 333 hoc
1688 284 1732 332 in

339 369 667 434 Commagene
718 367 888 433 Syriae
942 375 1075 435 parte
1122 385 1229 419 cum
1278 370 1607 429 cinnamomo,
1654 386 1733 420 ca-

338 457 409 506 sia
444 456 527 506 rel.

380 544 522 585 Verba
550 548 622 585 sed
650 549 688 584 in
723 547 799 585 hoc
829 544 1038 599 quomodo
1068 545 1366 600 interpretatus
1399 547 1451 586 sit
1481 546 1582 598 Si11.,
1615 547 1730 602 equi-

268 621 362 663 dem
397 635 477 662 non
511 621 670 674 divino,
730 635 866 676 neque
899 623 1045 662 Ianum
1086 623 1422 677 interpunctione
1454 628 1614 664 mutata
1644 638 1729 677 ,an-

267 712 406 740 serum
439 724 489 729 —
520 699 676 755 alioqui
708 713 742 741 c.
773 713 890 752 usus,
934 714 967 740 s.
998 699 1023 739 i.
1054 699 1092 742 11.
1126 700 1151 740 1.
1184 698 1229 741 O.
1263 699 1305 741 S.
1335 704 1455 755 parte
1487 703 1554 730 -u‘
1609 701 1728 757 quid-

266 791 390 833 quam
422 777 613 819 effecisse
643 782 757 833 puto.
817 776 940 825 Quod
970 782 1111 818 autem
1142 778 1267 833 vulgo
1304 782 1360 818 ad
1386 781 1463 819 hoc
1494 778 1727 833 legebatur7

265 869 290 896 a
322 855 438 896 libris
467 855 588 896 MSS.
622 855 803 896 alienum
835 860 911 896 est.
968 854 1003 896 E
1034 855 1185 910 quibus
1216 856 1255 896 R
1289 856 1394 896 haec
1424 855 1571 897 habet:
1621 860 1727 898 Com-

263 947 518 984 mayenorum
553 959 599 963 —
633 937 755 984 alique·
784 946 816 974 c.
851 948 887 974 η.
916 937 988 973 secl
1026 937 1065 973 in
1095 937 1172 975 hoc
1206 937 1484 987 Con2212aqene‚
1534 934 1592 977 V:
1640 949 1725 976 cum

262 1026 431 1063 maynae
461 1037 510 1042 ——
542 1015 667 1061 aliqm·
697 1025 730 1052 c.
763 1026 797 1051 u.
829 1014 902 1051 sed
928 1015 968 1052 in
996 1014 1072 1052 hoc
1101 1015 1141 1052 in
1178 1015 1282 1054 Com.
1313 1011 1371 1052 R2
1402 1017 1542 1053 autem
1570 1018 1667 1054 ante
1688 1028 1726 1054 v.

262 1090 367 1143 ⁷sed‘
399 1092 455 1131 e'sl
485 1089 658 1130 addidit.
690 1089 859 1129 Incerta
889 1089 1016 1144 igitur
1045 1089 1368 1145 praepositionis
1401 1090 1530 1131 semel
1561 1095 1632 1131 aut
1662 1091 1724 1132 bis

262 1169 425 1224 positae
446 1168 548 1208 sede
567 1167 737 1208 definita
755 1167 890 1208 scribo
909 1171 984 1208 hoc
1014 1172 1052 1208 in
1073 1171 1124 1221 C.³
1156 1173 1243 1209 tum
1266 1182 1327 1209 vv.
1358 1171 1430 1208 sed
1445 1173 1487 1209 et
1515 1178 1571 1209 est
1600 1183 1725 1224 quam

262 1261 285 1288 e
318 1246 468 1302 copula
500 1251 634 1287 ortam
667 1259 760 1286 esse
791 1250 892 1300 puto
923 1246 1190 1300 transpositis
1220 1246 1334 1301 lego:

311 1327 365 1374 fz't
393 1338 443 1365 ea·-
474 1326 594 1375 adipe
623 1337 807 1364 anserum
837 1332 884 1363 et
914 1327 1082 1375 alioqui,
1140 1328 1226 1365 sed
1254 1327 1495 1371 celeberrimi
1526 1338 1619 1365 usus
1649 1328 1748 1376 hoc=

314 1407 353 1444 in
386 1406 657 1454 Oommayene.

368 1481 529 1529 Quodsi
562 1495 637 1521 nos
669 1482 711 1521 in
740 1480 839 1521 folio
857 1480 1010 1520 misere
1041 1485 1236 1534 corrupto
1267 1481 1424 1521 versari
1458 1481 1580 1536 (quid
1611 1482 1720 1522 enim

257 1560 440 1602 lectione
471 1559 509 1614 §.
541 1559 593 1602 52
623 1560 664 1600 in
703 1559 858 1600 nostris
888 1557 1003 1598 libris
1035 1558 1292 1613 inquinatius
1318 1562 1486 1599 exstare
1517 1561 1716 1607 censes?)

257 1637 438 1680 fortasse
467 1638 629 1693 reliqua
658 1650 846 1692 quoque,
888 1649 996 1691 quae
1027 1649 1128 1677 sane
1158 1635 1256 1676 ferri
1286 1641 1482 1691 possunt,
1513 1650 1534 1677 e
1565 1636 1721 1678 codicis

256 1716 295 1757 R
326 1716 514 1771 vestigiis
552 1716 610 1756 ita
648 1715 799 1756 mutari
845 1718 1054 1769 praestat:
1116 1718 1465 1765 Commayenorztm
1504 1719 1721 1756 clari-§sinzo

254 1799 439 1836 remedio,
482 1793 678 1835 Ceterum
711 1805 857 1834 omnes
888 1792 980 1833 libri
1006 1796 1120 1833 recte
1150 1795 1296 1833 Suriae
1325 1792 1538 1833 exhibent.

144 1903 225 1949 639
847 1898 909 1943 56
932 1912 971 1931 =
993 1897 1118 1951 3,13.

319 1984 390 2033 Fit
451 1989 498 2033 et
546 1984 591 2032 in
629 1982 769 2046 Syria
803 1980 897 2031 alio
954 1981 1125 2040 modo,
1179 1981 1323 2046 adipe
1360 1981 1520 2030 avium
1558 2019 1568 2029 .
1608 2020 1617 2030 ,
1658 2020 1667 2030 .
1707 2020 1716 2032 .

317 2072 559 2138 phoenice
598 2071 747 2129 elate,
788 2070 900 2118 item
938 2069 1140 2120 calamo,

362 2161 427 2202 Ita
457 2160 594 2201 editur
633 2173 654 2200 e
686 2158 927 2200 coniectura
957 2157 1156 2211 Barbari⁷
1201 2158 1309 2212 quod
1342 2170 1414 2198 cur
1452 2158 1523 2198 fiat
1561 2159 1716 2199 nescio.

249 2238 373 2287 Quod
403 2241 513 2279 enim
554 2238 687 2279 elates
727 2250 882 2277 nomen
914 2235 967 2276 ad
994 2235 1227 2290 palmarum
1261 2248 1396 2290 genus
1428 2240 1469 2276 et
1500 2244 1717 2290 unguenta

252 2331 275 2357 a
306 2317 441 2357 Plinio
472 2316 652 2357 refertur
695 2314 815 2364 (XII.
848 2315 947 2366 134,
976 2313 1138 2356 XXIII.
1172 2314 1249 2369 99)
1314 2327 1363 2354 eo
1423 2313 1476 2354 ad
1517 2313 1713 2354 librorum

249 2395 367 2437 MSS.
389 2396 613 2436 lectionem
624 2396 822 2446 phoenice
852 2399 999 2433 tunso
1032 2391 1309 2433 deserendam
1340 2392 1511 2432 minime
1541 2391 1713 2433 adduci-

250 2487 354 2526 mur,
386 2486 537 2527 nempe
557 2471 705 2513 eodem
726 2471 816 2511 iure
834 2471 960 2511 etiam
977 2473 1145 2522 spathae
1163 2483 1314 2511 nomen
1329 2471 1584 2526 interpolare
1605 2470 1711 2510 licet.

248 2551 380 2593 Immo
416 2552 467 2592 de
500 2551 686 2592 omnium
724 2549 958 2604 palmarum
988 2547 1125 2588 fructu
1166 2547 1483 2603 intelligendum
1515 2561 1609 2588 esse
1640 2562 1711 2588 vo-

248 2630 442 2673 cabulum
474 2627 735 2669 Dioscoridis
766 2627 1001 2682 praeceptis
1034 2628 1062 2668 I.
1090 2625 1308 2669 148—150
1339 2625 1550 2666 docemur.
1587 2651 1629 2655 m
1665 2627 1711 2666 In

247 2710 329 2750 fine
374 2707 497 2748 huius
543 2706 741 2747 sectionis
772 2720 834 2748 vv.
882 2709 920 2746 in
955 2709 1091 2756 capre's
1120 2704 1305 2759 Silligius
1336 2703 1558 2745 lectionem
1590 2703 1711 2746 codd.

248 2787 360 2830 VR²
400 2790 438 2827 in
475 2789 610 2836 capris
655 2784 886 2826 rectissime
924 2782 1136 2837 probavit,
1195 2795 1319 2837 quam
1377 2780 1430 2821 ab
1488 2782 1591 2824 Iano
1648 2796 1712 2823 re-
