1914 3237
128 1016 210 1063 498

127 1855 207 1899 499

244 173 324 216 126
825 174 939 213 Liber
960 175 1128 215 XXIII.

243 303 376 357 picem
419 302 502 351 (ita
531 300 597 341 hic
637 284 804 355 quoque
842 303 968 342 Ianus
1011 302 1280 344 scribendum
1313 316 1407 343 esse
1434 303 1563 352 vidit)
1603 304 1704 345 resi-

242 379 401 434 pientia
431 377 548 418 XIV.
589 379 634 420 18
666 378 740 423 (cf.
772 379 825 420 ib.
857 380 934 434 43)
977 380 1243 421 celebrantur
1280 393 1388 435 quae
1418 380 1703 422 Viennensem

242 470 387 512 agrum
421 455 720 504 nobilitabant,
766 457 957 498 Arverno
988 458 1270 513 Sequanoque
1300 463 1343 498 et
1372 458 1545 499 Helvico
1577 471 1704 513 gene-

242 534 356 574 ribus
388 533 596 574 distincta.
654 532 901 574 Helviorum
932 535 1059 588 igitur
1089 548 1234 589 agrum
1266 535 1305 575 h.
1337 536 1361 576 1.
1386 537 1705 577 commemorari

240 615 436 666 apparet:
496 611 547 651 de
600 611 780 651 nominis
827 610 962 652 forma
1009 611 1188 652 dubitari
1237 613 1353 653 licet:
1413 616 1566 654 Ellinco
1610 614 1703 655 libri

238 688 354 730 XIV.
388 689 439 730 ’18
476 692 611 728 helven
642 702 690 740 cy
728 693 870 729 nostro
914 688 1019 730 loco.
1078 688 1219 730 Helvii
1249 690 1396 744 igitur,
1437 691 1507 744 qui
1545 704 1570 731 a
1607 692 1703 732 Pto-

238 767 401 808 lemaeo
441 766 493 806 II.
534 765 596 808 10.
641 766 687 807 18
726 765 959 808 Ἐλύκωκοι
1009 767 1295 821 appellantur,
1354 768 1481 808 etiam
1522 767 1702 808 Helveni

238 845 444 885 nominati
472 844 604 884 fuisse
647 843 822 898 putandi
852 849 970 897 sunt,
1010 844 1122 885 unde
1153 848 1195 884 et
1224 858 1352 899 supra
1390 850 1431 886 et
1461 845 1527 886 hic
1560 846 1703 900 legen-

239 922 337 963 dum
369 926 452 962 est:
497 924 720 962 Helvenico.

779 1002 840 1050 49
877 1017 927 1039 =
964 999 1159 1049 ibidem.

302 1088 495 1137 minime
535 1103 650 1137 vero
706 1087 860 1137 oeulis
898 1088 1172 1152 rigentibus
1207 1092 1257 1137 et
1290 1088 1435 1153 genis
1470 1089 1703 1137 stantibus

300 1181 381 1225 aut
418 1176 624 1225 defectis
640 1170 923 1240 [gravibusl.

345 1264 549 1305 Ultimum
568 1264 818 1304 vocabulum
849 1263 903 1305 ad
933 1262 1228 1319 explicandum
1258 1263 1441 1304 vicinum
1463 1263 1701 1317 appositum

237 1356 373 1398 neque
404 1342 456 1383 ab
488 1342 579 1397 ipso
617 1346 789 1383 auctore
820 1342 1021 1397 scriptum
1055 1354 1149 1382 esse
1180 1341 1264 1382 iam
1303 1341 1480 1395 copulae
1511 1340 1704 1381 absentia

238 1419 438 1473 efficitur,
469 1420 606 1460 fateor
632 1433 700 1460 me
732 1421 858 1461 etiam
889 1419 941 1460 de
972 1420 1102 1460 altero
1135 1427 1172 1459 et
1199 1423 1312 1469 (senis
1341 1418 1547 1459 dubitare.
1593 1417 1701 1458 Nam

238 1503 279 1539 et
309 1499 467 1539 Plinius
494 1498 719 1552 palpebras
750 1512 833 1539 non
864 1502 1066 1539 coeuntes
1097 1497 1239 1538 statim
1269 1496 1631 1548 commemoravit,
1663 1502 1704 1536 et

237 1577 279 1618 in
300 1576 339 1617 V
363 1576 403 1628 d,
435 1576 505 1632 qui
535 1576 612 1616 soli
644 1589 668 1616 a
689 1575 778 1617 Sill.
808 1576 849 1617 h.
877 1577 903 1618 l.
935 1575 1075 1616 collati
1107 1579 1217 1627 sunt,
1249 1578 1398 1625 eyemis
1418 1574 1613 1615 scribitur
1642 1574 1707 1614 lit-

238 1655 353 1707 teris,
384 1654 507 1707 falso,
531 1658 577 1694 ut
610 1653 776 1695 videtur
806 1668 828 1695 e
844 1654 1035 1709 proximo
1053 1653 1181 1694 verbo
1199 1656 1417 1704 riyentiIms
1432 1652 1633 1707 repetitis.
1652 1675 1703 1680 —

238 1735 274 1787 ξ.
307 1733 361 1775 50
393 1732 551 1774 scribo:
611 1737 768 1773 unicam
797 1745 904 1784 spem
933 1735 1036 1772 hanc
1067 1735 1159 1772 vini.

711 1824 854 1880 5252
888 1838 941 1856 =
982 1824 1020 1879 1,
1057 1824 1217 1880 2536.

303 1912 343 1960 si
380 1909 637 1960 dissolutio
677 1910 737 1958 sit
780 1908 1033 1967 stomachi,
1082 1908 1265 1972 largius
1305 1908 1542 1965 dandum,
1582 1911 1628 1955 et
1663 1907 1704 1955 si

307 2000 444 2049 cibus
479 2013 575 2048 non
613 1998 899 2046 descendat.
939 1997 1067 2046 Inter
1101 1997 1199 2045 vini
1226 2010 1410 2060 genera
1437 2009 1560 2058 quae
1589 1993 1703 2057 fingi

304 2088 575 2144 docuinmS,
613 2101 704 2135 neo
740 2086 841 2134 fieri
877 2086 970 2134 iam
1006 2084 1222 2141 arbitror,
1261 2088 1309 2132 et
1345 2097 1703 2147 supervacuum

304 2180 378 2225 est
414 2189 582 2225 eorum
620 2190 758 2223 usum
796 2174 977 2223 docere
1014 2171 1099 2222 rel.

346 2262 570 2304 Laudabili
603 2262 828 2303 severitate
859 2263 986 2302 Ianus
1017 2275 1080 2304 vv.
1124 2264 1276 2311 lav-qius
1306 2264 1347 2300 et
1378 2262 1545 2309 docere,
1596 2269 1703 2311 quae

238 2342 323 2383 Sill.
355 2355 377 2381 e
408 2340 467 2393 K,
511 2353 633 2394 quem
665 2339 770 2379 nihil
795 2352 889 2380 esse
920 2353 1046 2394 quam
1078 2339 1341 2379 coniecturas
1373 2350 1397 2377 a
1429 2334 1703 2388 Dalecampio

239 2420 436 2461 collectas
477 2419 646 2472 saepius
703 2418 873 2470 monui,
933 2417 1114 2472 recepit,
1173 2416 1378 2471 simulque
1425 2413 1596 2455 verbum
1648 2419 1705 2451 est

241 2497 353 2553 quod
394 2509 446 2536 ex
485 2496 653 2550 ingenio
685 2495 771 2536 Sill.
813 2494 1058 2548 addiderat,
1107 2499 1320 2549 postremo
1361 2501 1397 2533 el
1433 2491 1543 2546 quod
1583 2490 1703 2530 abest

240 2590 264 2616 a
301 2575 416 2615 libris
461 2574 602 2626 MSS,
661 2573 821 2614 omisit:
879 2573 1123 2621 rectissime„
1159 2571 1270 2612 idem
1317 2574 1566 2611 structuram
1607 2579 1701 2607 sen-

240 2653 396 2694 tentiae
427 2651 742 2707 praepositione
794 2655 892 2691 inter
927 2650 1120 2705 impediri
1164 2649 1384 2690 intellexit.
1443 2645 1563 2694 Quod
1603 2657 1702 2686 vero

238 2735 338 2771 inter
368 2730 408 2768 in
433 2733 538 2769 mitto
567 2729 759 2782 mutavit,
791 2729 1000 2770 sollertius
1031 2742 1158 2783 quam
1182 2726 1417 2768 accuratius
1436 2724 1547 2766 fecit.
1579 2721 1701 2770 Quod

240 2809 349 2850 enim
381 2810 466 2848 mil*
510 2807 552 2847 in
582 2805 621 2846 V
651 2811 813 2859 exstat,
874 2806 985 2847 haud
1018 2806 1144 2847 dubie
1181 2809 1294 2846 miter
1322 2803 1347 2845 i.
1386 2816 1421 2844 e.
1458 2806 1560 2843 inter
1591 2800 1701 2855 quod
