1914 3237
175 899 257 943 465

291 177 373 220 110
895 179 1010 218 Liber
1031 180 1150 219 XXI.

290 306 457 347 mollem
503 305 584 346 dici
637 305 690 346 ad
740 305 1004 361 eundemque
1049 306 1352 362 παραφυάδας
1381 307 1472 347 illas
1525 307 1748 361 pertinere.

291 384 439 438 Itaque
471 383 621 438 triplici
651 384 883 424 mutatione
913 397 1018 438 opus
1052 389 1134 425 est:
1181 385 1518 437 interpunctione
1549 388 1749 436 correcta,

290 461 514 501 emendato
546 474 720 501 numero
752 465 792 501 et
823 462 944 502 unius
976 476 1123 503 versus
1153 461 1344 503 XXVIII
1389 463 1636 513 litterarum,
1667 475 1749 515 quo

288 538 375 579 fere
407 538 564 579 ambitu
596 537 813 593 archetypi
844 538 1036 594 singulae
1067 539 1203 581 lineae
1233 539 1583 591 continebantur,
1614 543 1749 579 trans-

289 617 517 670 positione:

344 719 391 724 —
424 697 512 734 item
543 707 578 734 0.
609 697 723 734 caule
752 701 909 745 tenero,
952 695 1145 743 candido,
1180 696 1463 745 sesqmpedali,
1493 698 1597 734 molli
1627 697 1750 734 tribus

342 779 413 811 aut
441 778 614 821 quatuor
645 775 829 821 {lateatis-,-
860 773 998 811 radice
1029 773 1193 810 humosa
1225 774 1303 811 etc.

849 852 939 898 120
958 871 1016 890 =
1039 851 1191 906 18,72.

354 936 522 985 Obiter
557 942 604 985 et
640 937 829 986 odorati
865 936 994 984 iunci
1032 935 1302 985 medicinae
1340 935 1574 994 dicentur,
1629 950 1750 999 quo-

354 1025 478 1072 niam
532 1029 579 1073 et
614 1024 660 1072 in
700 1023 840 1088 Syria
879 1023 1026 1073 Coele
1045 1007 1065 1081 J
1115 1028 1165 1072 ut
1200 1039 1289 1073 suo
1336 1022 1447 1072 loco
1501 1023 1749 1072 retulimus

358 1111 484 1168 (ΧΠ.
527 1115 664 1173 104),
692 1113 917 1161 nascitur.
990 1110 1373 1160 Laudatissimus
1410 1126 1470 1159 cx
1507 1111 1749 1161 Nabataea

355 1200 649 1265 cognomine
686 1200 928 1258 1606111113,
980 1200 1227 1264 proximus
1264 1198 1578 1263 Babylonius
1641 1215 1751 1263 pes-

352 1289 502 1337 simus
539 1304 600 1337 ex
637 1289 805 1338 Africa
840 1304 896 1337 ac
933 1288 1037 1337 sine
1075 1288 1241 1345 odore,
1280 1292 1353 1335 est
1389 1292 1547 1336 autem
1586 1292 1750 1336 rotun-

354 1377 459 1434 (1113,
513 1377 716 1426 vinosae
754 1376 1083 1427 mordacitatis
1119 1375 1180 1423 ad
1218 1374 1447 1439 linguam.
1519 1374 1749 1425 Sincerus

349 1463 396 1512 in
436 1464 750 1514 confricando
789 1466 991 1515 odorem
1030 1479 1171 1513 rosae
1207 1463 1408 1522 emittit,
1462 1464 1747 1513 rubentibus

354 1553 653 1618 fragmentis.

397 1641 819 1696 Argumentationem
872 1641 1021 1681 merito
1066 1654 1091 1680 a
1136 1639 1223 1680 Sill.
1270 1639 1569 1694 reprehensam
1617 1653 1752 1694 neque

287 1734 411 1775 quam
443 1720 553 1760 idem
589 1719 806 1774 proposuit
836 1719 1080 1760 coniectura
1120 1717 1337 1758 emendari
1368 1723 1543 1772 apparet
1577 1743 1612 1746 e
1656 1731 1750 1759 nam

287 1798 383 1838 dum
416 1803 461 1838 ut
491 1802 558 1848 qui
587 1802 625 1838 in
658 1800 775 1837 India
805 1805 841 1837 el
869 1801 908 1837 in
932 1800 1051 1849 Syria
1078 1799 1190 1838 Coele
1220 1796 1385 1851 legatur
1406 1795 1568 1847 suadet,
1599 1809 1750 1836 novum

287 1888 470 1916 errorem
507 1875 662 1928 Plinio,
701 1875 769 1930 qui
802 1875 1008 1915 calamum
1047 1875 1211 1930 utrique
1240 1874 1425 1929 regioni,
1464 1874 1631 1914 iuncum
1680 1874 1749 1913 uni

288 1954 433 2010 Syriae
466 1953 676 2005 attribuit,
708 1952 887 1993 obtrusit
917 1977 966 1982 —
999 1966 1136 2007 neque
1166 1952 1370 1993 vocabulo
1402 1955 1610 2002 unquentis
1640 1951 1750 2006 quod

286 2033 413 2073 Ianus
450 2031 577 2071 inseri
622 2031 753 2073 voluit
782 2056 835 2060 —
866 2044 962 2071 nam
994 2043 1075 2070 11011
1116 2029 1168 2070 (16
1210 2030 1435 2084 unguentis
1467 2029 1539 2069 sed
1580 2029 1632 2069 de
1664 2043 1750 2069 me-

287 2110 426 2151 dicina
448 2109 596 2164 agitur.
630 2110 758 2149 Immo
779 2108 924 2149 ordine
946 2107 1166 2150 verborum
1185 2108 1378 2147 restituto
1400 2110 1442 2146 et
1468 2106 1546 2147 hoc
1579 2111 1619 2147 et
1643 2121 1751 2161 quae

288 2192 508 2242 praeterea
550 2187 646 2227 huic
690 2187 780 2228 loco
824 2187 925 2227 vitia
967 2186 1108 2226 insunt
1147 2185 1426 2239 corrigentur:
1479 2198 1602 2239 quem
1649 2186 1751 2225 mire

288 2265 578 2320 perturbatum
639 2278 734 2305 esse
782 2263 1043 2305 Dioscoridis
1103 2263 1386 2318 descriptione
1444 2262 1752 2316 comprobatur.

289 2343 364 2383 Ille
395 2343 504 2382 enim
538 2343 638 2385 l.1(3
670 2347 870 2395 σχοῖνος,
903 2343 980 2395 ait,
1012 2340 1034 2397 ἡ
1065 2344 1146 2396 μέν
1176 2357 1239 2389 τις
1269 2345 1433 2393 γίνεται
1465 2338 1512 2382 ἐν
1540 2341 1697 2398 Λιβύῃ,
1730 2340 1751 2395 ἡ

291 2422 341 2462 δὲ·
373 2419 422 2462 ἐν
446 2419 656 2478 Ἀραβίᾳ,
714 2418 840 2476 ἑτέρα
880 2420 928 2462 δὲ
961 2418 1008 2462 ἐν
1037 2423 1085 2477 τῇ
1117 2423 1352 2476 Ναβαταίᾳ
1390 2420 1621 2477 λεγομένῃ,
1667 2418 1752 2473 ἥτις

291 2496 384 2539 ἐστὶ
423 2503 642 2554 κρατίστη
675 2498 918 2554 δευτερεύει
950 2498 999 2539 δὲ
1028 2496 1050 2550 ἡ
1082 2495 1290 2553 ἅραβικὴ,
1332 2495 1384 2551 ἣν
1414 2495 1523 2538 ἔνιοι
1552 2496 1749 2549 ράβυλώ-

292 2592 386 2617 νιον
416 2577 644 2625 καλοῦσιν,
677 2576 716 2618 οἱ
747 2576 796 2617 δὲ
825 2580 1024 2628 τευχῒτιν.
1049 2573 1104 2616 ‘H
1127 2575 1176 2616 δὲ
1206 2574 1354 2628 λιβυκὴ
1377 2574 1600 2628 ἄχρηστος·
1633 2573 1749 2617 ἐκλέ-

290 2669 368 2705 γου
409 2653 457 2694 δὲ
495 2653 572 2708 τὴν
611 2654 887 2710 πρόσφατον,
919 2653 1164 2710 ἔμπυρρον,
1201 2654 1457 2705 πολυανθῆ,
1500 2654 1752 2708 σχιζομένην

292 2731 342 2777 δὲ,
386 2728 674 2787 ἕμπόρφυρον
719 2735 791 2772 καὶ
828 2731 1007 2785 λευκὴν,
1065 2734 1137 2772 καὶ
1182 2730 1451 2786 ῥοδίζοινσαν
1493 2734 1541 2787 τῇ
1572 2730 1753 2789 εὐωδίᾳ,

293 2807 477 2851 ἐπειδὰν
511 2812 707 2862 τρίβηται
737 2814 832 2857 ταῖς
861 2812 1004 2865 χερσὶ,
1035 2811 1108 2849 καὶ
1137 2807 1392 2849 δάκνουσαν
1430 2808 1506 2862 τὴν
1544 2810 1753 2860 γλῶσσαν
