1914 3237
209 1967 264 2008 63

291 124 346 165 46
903 120 1035 162 Liber
1063 121 1151 163 IV.

293 248 402 289 dera
437 245 659 301 significat
689 244 875 300 Plinius,
921 252 966 287 et
1004 245 1286 287 scribendum
1327 257 1431 287 esse
1471 244 1760 288 coniicerem:

292 326 424 366 Intus
455 324 677 365 castellum
710 323 917 376 Cleonae,
953 324 1068 366 loeus
1095 324 1289 380 llysiae,
1323 322 1486 364 Phlius.
1558 323 1651 365 Sed
1686 339 1761 379 po-

293 411 467 445 tuerunt
483 403 639 446 saltem
662 403 829 460 Hysiae
861 403 1092 445 castellum
1122 402 1353 458 appellari,
1385 401 1534 444 Phlius
1563 415 1652 443 non
1679 416 1761 457 po-

291 483 381 524 tuit.
460 482 678 525 Intellexit
713 496 841 538 quam
887 481 1000 523 male
1042 494 1069 522 a
1106 482 1431 523 recentioribus
1471 481 1577 523 viris
1617 481 1760 523 doctis

289 560 457 616 Asopis
489 575 587 603 curn
622 563 770 603 Peneo
804 562 1166 617 coniungeretur,
1213 558 1391 601 Curtius
1422 573 1546 611 meus
1575 560 1620 600 in
1647 558 1760 601 libro

291 640 446 681 eximio
488 640 542 682 de
573 640 880 694 Peloponneso
907 640 993 682 vol.
1015 637 1233 694 11.p.103‚
1264 651 1417 679 verum
1447 636 1586 678 Plinio
1617 637 1760 692 impu-

289 720 396 760 tavit
433 732 547 774 quae
583 720 826 760 scribarum
864 719 1126 760 oscitantiae
1163 724 1289 758 erant
1323 716 1616 758 attribuenda.
1676 715 1762 764 Qui

287 797 354 838 vir
385 798 668 839 doctissimus
697 797 827 839 sicuti
858 798 1122 839 Strabonem
1158 797 1213 837 ab
1244 795 1410 836 erroris
1440 795 1592 848 specie
1621 793 1762 835 felici-

288 884 356 918 ter
382 890 433 917 se
464 876 719 917 vindicasse
751 877 845 917 iure
876 875 1078 925 laetatur,
1107 875 1167 915 ita
1193 872 1294 915 fore
1326 886 1478 926 spero,
1509 879 1556 913 ut
1579 871 1761 914 Plinium

287 967 462 1009 quoque
493 954 717 1009 aliquanto
749 954 999 1008 diligentius
1029 954 1072 994 in
1104 959 1317 994 terrarum
1349 952 1435 993 situ
1463 950 1760 993 describendo

286 1040 511 1074 versatum
555 1046 658 1074 esse
698 1045 827 1088 quain
873 1031 1006 1086 vulgo
1049 1031 1303 1082 videbatur,
1346 1043 1515 1071 mecum
1555 1029 1759 1073 laetetur.

288 1112 441 1153 Obiter
470 1119 635 1153 tantum
665 1113 886 1164 indicabo,
916 1112 958 1152 in
988 1109 1109 1152 libris
1140 1110 1250 1153 Mss.
1279 1108 1431 1165 Cyllen
1461 1108 1612 1159 scribi,
1641 1108 1760 1149 unde

287 1190 493 1246 suppleta
525 1204 639 1246 quae
671 1190 808 1232 facile
841 1190 1050 1232 excidere
1080 1195 1269 1244 poterat,
1298 1188 1504 1229 adiectivi
1535 1200 1759 1243 casusque

286 1271 592 1312 terminatione
621 1270 747 1312 effeci
767 1269 1009 1325 Cyllenius:
1040 1269 1214 1320 deinde,
1245 1276 1292 1309 ut
1308 1281 1459 1310 verum
1484 1265 1760 1308 intervallum

286 1350 400 1390 inter
429 1347 703 1390 Chelonaten
733 1356 776 1390 et
806 1347 1016 1404 Cyllenen
1042 1348 1274 1398 indicetur,
1305 1361 1400 1388 cum
1430 1344 1582 1386 Curtio
1610 1343 1686 1389 l.l.
1714 1344 1765 1385 X

286 1429 569 1471 inserendum
602 1442 726 1479 esse,
758 1441 812 1469 ac
840 1429 925 1469 iam
954 1428 1100 1470 locum
1133 1429 1193 1468 ita
1223 1426 1456 1481 legendum
1489 1438 1592 1466 esse
1622 1425 1719 1467 aioz

341 1522 519 1580 Aegira,
546 1520 752 1579 Aeqium,
782 1521 985 1573 Erineos,
1012 1519 1286 1562 Panhormus
1313 1525 1462 1575 portus
1494 1519 1759 1560 demonstra-

344 1607 519 1662 tumque
548 1600 636 1639 iam
661 1598 821 1640 Rhium
837 1629 846 1639 .
862 1629 870 1638 .
889 1629 899 1640 .
946 1598 1221 1655 Cyllenius
1249 1598 1387 1648 sinus,
1421 1598 1760 1652 promontorium

345 1678 604 1721 Chelonates
619 1708 631 1731 ,
673 1678 792 1719 uncle
826 1677 1034 1734 Cyllenen
1072 1677 1261 1732 XVMp.
1305 1676 1470 1717 Intus
1510 1673 1759 1725 Cleonae,

342 1758 544 1813 Hysioe
571 1756 809 1807 castellnm,
838 1756 1005 1806 Phlius,
1036 1770 1148 1818 quae
1176 1755 1290 1811 reqio
1320 1753 1373 1796 ab
1398 1754 1592 1796 Homero
1615 1755 1758 1795 Arae-

344 1836 496 1892 thyrea
526 1835 642 1876 dicta
671 1842 759 1888 est,
801 1841 947 1892 postea
977 1834 1146 1890 Asopis.

895 1952 958 2001 14
977 1974 1028 1996 =
1047 1953 1096 2014 5,
1117 1953 1162 2000 6.

354 2056 478 2106 Inde
514 2055 739 2105 Eliorum
784 2070 902 2118 ager
945 2054 1027 2119 qui
1071 2061 1213 2101 antea
1245 2052 1405 2117 Epei
1445 2053 1756 2113 vocabantur,

354 2148 460 2213 ipsa
491 2146 598 2196 Elis
629 2145 677 2193 in
714 2144 1072 2193 mediterraneo
1112 2151 1160 2192 et
1190 2144 1378 2208 a'Pylo
1415 2143 1516 2192 XII
1538 2143 1591 2190 M
1609 2159 1656 2207 p.
1687 2142 1758 2191 in-

355 2246 434 2287 tus
480 2238 735 2285 delubrum
780 2235 997 2300 Olympii
1041 2234 1274 2284 Iovis...
1322 2233 1490 2282 Amnis
1537 2234 1757 2298 Alpheus

356 2328 609 2393 navigatur
642 2327 715 2375 VI
750 2325 847 2374 mil.
886 2344 932 2391 p.
979 2342 1166 2391 prope
1207 2324 1386 2390 oppida
1430 2325 1669 2374 Aulona
1701 2330 1759 2372 et

355 2419 591 2485 Leprion.
662 2417 1055 2467 Promontorium
1092 2415 1402 2465 Platanodes.

404 2533 595 2573 Primum
623 2530 735 2572 male
765 2529 961 2585 neglexit
991 2527 1182 2582 Silligius
1221 2527 1488 2581 scripturam
1519 2524 1760 2567 codd..AR

292 2610 425 2666 Epioe
456 2601 585 2665 quam
614 2610 772 2653 leviter
801 2616 1009 2650 mutatam
1037 2609 1063 2649 d
1092 2608 1216 2664 Epic,
1244 2607 1469 2649 Barbarus
1495 2604 1646 2660 Epioe,
1668 2603 1758 2645 Ro-

292 2690 443 2730 bertus
475 2689 610 2744 Epioe
639 2688 863 2730 exhibent.
919 2686 1001 2728 Est
1033 2687 1145 2728 enim
1177 2686 1400 2727 Graecum
1429 2696 1587 2725 nomen
1611 2682 1762 2725 Ἐπειοί

291 2781 315 2809 e
337 2767 508 2822 vulgari
542 2767 849 2821 pronuntiandi
877 2768 1047 2807 ratione
1064 2765 1233 2806 Latinis
1262 2763 1417 2805 litteris
1447 2768 1658 2804 accurate
1687 2774 1760 2804 ex.
