1914 3237
724 190 842 230 Liber
864 192 1000 230 XVII.
1541 187 1586 228 31

710 343 767 391 31
809 364 857 383 =
895 344 938 398 4,
976 344 1020 390 3.
1623 350 1705 394 304

239 428 397 469 Contra
417 429 454 481 ξ.
484 427 538 471 30
567 428 759 468 lacunam
792 441 815 468 a
843 428 1040 468 Pintiano
1059 428 1291 468 rectissime
1309 429 1435 469 statui
1456 428 1593 468 Theo-

126 506 285 561 phrasti
314 506 407 546 loco
439 519 552 546 caus.
583 505 713 559 plant.
745 504 796 547 V.
819 507 882 547 14.
913 506 937 548 3
968 506 1184 547 evincitur.
1244 505 1324 552 Qui
1364 520 1456 546 cum
1488 507 1595 547 vites

126 597 256 639 prope
286 583 478 624 Larisam
510 584 592 623 iam
624 582 780 638 frigore
815 583 947 635 aduri,
981 584 1146 624 Aenum
1180 588 1319 623 autem
1353 584 1593 625 calidiorem

125 661 279 702 factam
311 674 404 702 esse
435 662 688 714 narraverit,
728 666 904 717 apparet
942 660 1071 701 verba
1100 666 1215 702 recte
1253 675 1276 701 a
1307 662 1501 714 Pintiano
1533 663 1593 703 di-

125 739 291 794 stingui.
351 739 504 780 Totum
561 739 688 794 igitur
731 740 868 780 locum
909 739 968 779 ita
1006 739 1347 780 constituendum
1389 753 1483 780 esse
1530 754 1592 780 ar-

126 829 279 870 bitror:
343 819 391 865 In
415 819 642 866 Thessalia
679 822 801 865 circa
818 819 1023 865 Larisam
1058 822 1214 865 emisso
1252 820 1353 865 lacet
1385 821 1594 880 frigidior

119 910 249 968 facta
285 925 340 955 ea
375 911 497 969 reqio
534 914 599 955 est
634 909 848 970 oleaeque
879 910 1101 954 desierunt
1127 910 1380 970 quaeprz'us
1398 910 1591 968 fuerant,

121 1001 221 1044 item
254 1001 365 1044 vites
401 998 555 1054 aduri,
594 998 711 1057 quod
744 1013 831 1043 mm
866 1002 1023 1054 antea,
1080 1003 1409 1058 coeperunt,
1447 1014 1590 1043 con-

122 1091 209 1131 tra
264 1086 505 1132 calorem
552 1087 751 1146 anyer-i
794 1086 949 1130 Aenos
1007 1087 1141 1131 sensit
1202 1087 1378 1132 admoto
1442 1087 1592 1133 Hebro

124 1171 210 1222 rel.
250 1171 450 1222 Scilicet
485 1187 610 1220 unus
645 1186 820 1220 versus
855 1172 901 1219 in
939 1172 1208 1237 archetypo
1248 1175 1510 1224 excuderet.

230 1260 413 1301 Facilius
443 1260 658 1315 proximus
692 1260 806 1301 locus
839 1259 1106 1301 emendatur:
1620 1283 1700 1325 305
1757 1306 1763 1311 ,

188 1351 255 1398 At
291 1350 337 1398 in
379 1348 689 1414 Syracusano
728 1364 846 1413 agro
893 1349 1085 1398 advena
1134 1349 1290 1400 cultor
1344 1352 1588 1417 elapidato

186 1438 292 1488 solo
331 1438 541 1503 perdidit
578 1437 744 1501 fruges
781 1437 906 1495 luto,
945 1438 1106 1487 donec
1135 1440 1343 1503 regessit
1368 1439 1572 1506 lapides,

229 1526 449 1567 Pintianus
488 1526 554 1567 hic
587 1539 753 1581 quoque
796 1526 942 1566 vitium
975 1525 1155 1579 detexit,
1200 1527 1409 1569 medendo
1440 1530 1588 1585 impar.

117 1602 380 1658 ἕξεπήγνυτο
425 1609 532 1657 γοῦν
581 1602 602 1647 ὃ
651 1610 766 1653 σῖτος
819 1603 876 1643 ait
914 1602 1231 1658 Theophrastus
1273 1606 1393 1647 Plinii
1443 1614 1588 1649 auctor

117 1696 231 1723 caus.
263 1682 392 1737 plant.
420 1682 494 1722 ΠΙ.
527 1683 589 1724 20.
622 1684 658 1725 ζ).
690 1684 838 1737 Itaque
868 1695 951 1721 non
983 1680 1208 1722 delendum
1241 1690 1305 1724 est
1335 1686 1585 1728 vocabulum

114 1765 195 1801 Iulo
246 1774 339 1801 cum
380 1760 601 1813 Pintiano,
654 1760 728 1801 sed
775 1759 1082 1814 corrigendum.
1150 1762 1195 1801 In
1235 1762 1463 1818 archetypo
1503 1779 1584 1806 una

116 1839 279 1895 syllaba
326 1843 489 1879 tantum
528 1839 750 1893 legebatur
789 1842 847 1890 ln,
895 1838 1004 1878 male
1050 1851 1074 1878 a
1104 1838 1272 1880 librario
1323 1854 1346 1881 e
1394 1845 1585 1896 proximo

114 1918 319 1959 vocabulo
356 1918 398 1958 in
429 1921 508 1957 luto
556 1922 731 1957 mutata.
791 1915 1068 1957 Scribendum
1101 1922 1164 1958 est
1192 1923 1305 1972 ῥεῖα,
1355 1923 1482 1963 donec
1512 1924 1585 1964 rel.

117 1997 154 2050 ξ.
185 1997 239 2039 32
267 2009 342 2051 pro
375 1999 541 2037 dscimus
572 1995 693 2037 codd.
725 1994 760 2035 T
791 1994 816 2035 d
846 1994 1005 2036 habent
1035 1999 1228 2050 dicemus,
1273 1999 1384 2054 quod
1417 2006 1585 2042 senten-

113 2076 172 2116 tia
199 2074 438 2128 requiritur.

687 2200 738 2246 41
793 2230 798 2231 ν
872 2203 915 2257 5,
952 2202 997 2249 3.
1611 2216 1693 2258 306

179 2284 355 2334 Contra
407 2285 453 2333 in
490 2285 702 2348 Byzacio
743 2287 939 2335 Africae
994 2286 1126 2336 illum
1186 2294 1392 2339 centena
1445 2291 1584 2356 quin-

179 2387 405 2436 quagena
432 2373 572 2437 fruge
600 2375 807 2423 fertilem
835 2390 1056 2440 campum
1087 2375 1245 2435 nullis,
1285 2393 1391 2427 cum
1419 2381 1580 2430 siccus

178 2466 278 2519 cst,
332 2461 562 2510 arabilem
597 2463 747 2511 tauris
785 2468 895 2527 post
932 2464 1111 2513 imbres
1158 2465 1241 2513 vili
1278 2466 1432 2517 asello
1471 2475 1517 2517 et
1553 2448 1577 2518 a

176 2553 312 2611 parte
350 2548 502 2605 altera
546 2550 648 2614 iugi
683 2567 775 2599 anu
817 2567 1063 2601 vomerem
1108 2553 1330 2604 trahente
1368 2556 1578 2607 vidimus

173 2635 346 2684 scindi.

219 2723 447 2779 Vulgatam
487 2726 736 2779 scripturam
782 2727 976 2768 omnibus
1006 2727 1218 2770 codicibus
1264 2731 1574 2788 refragantibus

110 2801 295 2856 Silligius
324 2803 519 2856 retinuit,
551 2803 680 2845 Ianus
712 2808 888 2845 eatenus
918 2808 1096 2848 mutavit
1124 2812 1171 2848 ut
1201 2812 1327 2861 iniuye'
1349 2813 1574 2869 scriberet3
