1914 3237
708 149 841 191 Liber
867 149 955 192 IV.
1512 148 1567 191 51

679 272 742 320 22
763 291 815 314 =
839 272 886 333 6,
905 271 985 320 10.
1589 286 1646 328 69

163 377 221 424 ab
264 372 494 440 Olympia
525 372 686 436 Argos
721 389 813 437 per
845 371 1108 420 Arcadiam
1139 373 1366 422 LXVIII
1386 372 1467 433 M;
1510 372 1568 419 ab

169 466 342 514 eodem
378 465 487 512 loco
524 463 585 511 ad
617 463 914 511 Phliunta
946 462 1076 511 dicta
1110 479 1341 511 mensura
1376 469 1467 511 est.

204 583 292 625 Ubi
326 583 534 624 tandem?
585 583 756 637 Nempe
793 582 996 624 sectione
1030 581 1105 624 Vl.
1137 582 1275 636 inquit
1300 580 1570 631 Harduinus,

95 662 139 703 id
169 668 239 703 est
270 659 310 716 ξ.
329 659 395 702 13.
422 661 497 703 vel
530 661 596 702 14.
668 661 729 702 Ibi
768 668 916 702 tamen
947 660 1115 703 frustra
1151 640 1366 714 quaere&
1405 673 1432 700 a
1456 657 1569 715 Pylo

97 745 243 781 autem
284 737 533 794 Olympiam
568 739 648 781 XII
675 739 725 781 M
748 755 792 795 p.
832 741 996 782 abesse
1039 738 1227 781 videbis.
1316 736 1414 792 Pyli
1458 737 1573 778 enim

94 831 256 859 nomen
291 816 349 857 ibi
384 815 502 858 felici
540 817 798 859 coniectura
823 816 1091 860 Hermolaus
1110 817 1337 858 Barbarus
1368 815 1572 867 restituit,

95 910 179 953 pro
210 909 296 950 quo
320 895 503 937 codices
525 894 735 937 exhibent
764 893 804 936 A
835 892 929 933 Plio
953 891 1024 933 Rd
1054 891 1193 934 Philo.
1254 894 1387 936 Iidem
1414 901 1572 936 nostro

96 974 199 1015 loco
229 972 428 1014 scribunt
463 973 505 1014 A
532 972 718 1013 Fliunta
750 969 1041 1025 R1Filiunta‚
1058 968 1292 1028 R²sluunt,
1322 972 1360 1012 d.
1376 971 1572 1023 silianum,

94 1053 210 1094 unde
241 1051 314 1092 hic
346 1065 523 1106 quoque
559 1051 843 1092 scribendum
881 1049 983 1090 erit:

688 1134 754 1174 ad
783 1133 975 1189 Pylum.

207 1219 335 1276 §.aa
371 1219 505 1261 miror
542 1233 569 1260 a
599 1217 767 1274 Silligio
803 1217 1082 1261 verissimam
1117 1217 1329 1261 Harduini
1366 1219 1574 1260 emenda-

96 1299 259 1341 tionem
288 1299 454 1353 sperni,
485 1298 556 1353 qui
586 1311 697 1352 pro:
727 1297 790 1337 In
815 1310 892 1336 ora
920 1300 1064 1335 autem
1093 1292 1214 1351 infra
1243 1294 1408 1337 Thebas
1422 1295 1576 1336 Ocalee

97 1376 177 1419 rel.
239 1374 375 1434 Infra
406 1375 571 1417 Thebas
599 1376 642 1417 id
675 1383 744 1417 est
763 1374 1003 1429 Ὑποξπῆβαι
1034 1372 1152 1430 legit.
1220 1375 1358 1418 Porro
1390 1389 1414 1417 e
1446 1375 1576 1418 codd.

95 1457 294 1512 vestigiis
324 1456 608 1498 scribendum
641 1455 722 1497 erit
755 1453 985 1509 Olyarum.

680 1568 745 1616 27
763 1590 814 1611 =
830 1568 876 1629 7,
899 1568 981 1616 12.
1416 1610 1419 1613 .
1598 1575 1654 1617 70

165 1668 318 1717 Locri
354 1669 532 1717 deinde
559 1668 890 1733 Epicnemidii
923 1666 1339 1732 cognominantur.
1379 1667 1575 1733 Oppida

167 1760 307 1825 Opus
340 1773 423 1806 etc.

200 1866 295 1908 Etsi
328 1879 442 1921 quac
470 1867 523 1907 de
539 1866 786 1907 Locrorum
812 1863 987 1919 oppidis
1018 1864 1264 1916 traduntur,
1296 1865 1450 1906 ordine
1480 1865 1575 1907 val-

99 1944 155 1985 de
190 1945 452 2000 perturbato
490 1944 797 2000 proferuntur,
828 1932 887 1985 ita
921 1951 967 1985 ut
993 1944 1219 2000 Larymna
1250 1944 1372 1986 iuxta
1395 1943 1576 2000 Cephisi

95 2024 211 2066 ostia
248 2023 376 2065 situm
407 2024 463 2064 ad
501 2023 758 2065 ulteriorem
793 2022 1031 2064 Locridem
1066 2021 1389 2075 transferatur,
1428 2030 1576 2065 tamen

94 2103 169 2145 vix
186 2103 327 2158 potuit
344 2102 511 2144 Plinius
533 2110 620 2144 tam
642 2101 924 2157 negligenter
960 2108 1171 2143 auctores
1209 2115 1319 2143 suos
1346 2102 1575 2155 adhibere,

93 2188 141 2223 ut
177 2188 310 2236 caput
341 2181 634 2236 Opuntiorum
665 2180 914 2222 Locrorum
950 2180 1262 2236 Epicnemidiis
1300 2181 1575 2235 attribueret,

94 2258 216 2301 nulla
257 2260 558 2302 nobilissimae
608 2259 752 2315 gentis
798 2260 971 2301 ratione
1011 2259 1179 2302 habita.
1268 2261 1423 2316 Itaque
1469 2268 1576 2317 post

95 2336 386 2393 Epicnemidii
415 2338 640 2381 excidisse
672 2336 881 2391 suspicor
910 2336 1155 2380 vocabula:

663 2422 713 2457 et
743 2414 989 2472 Opuntii.

729 2519 936 2568 Ibidem.
1601 2528 1653 2570 71

203 2623 251 2664 In
293 2624 584 2678 sequentibus
626 2626 776 2668 verbis
825 2628 1007 2684 gravius
1043 2627 1172 2668 etiam
1211 2626 1360 2668 vitium
1402 2627 1577 2670 videtur

97 2702 371 2744 commisisse
411 2710 455 2744 et
489 2704 564 2745 vix
599 2703 846 2747 ferendum.

158 2785 456 2837 Phocidis
493 2788 551 2839 in
586 2790 776 2840 litore
807 2808 984 2841 unum
1019 2789 1276 2856 Daphnus·
1323 2790 1576 2839 Introrsus

1236 2880 1298 2922 4*
