<?xml version="1.0" encoding="UTF-8"?>
<!DOCTYPE html PUBLIC "-//W3C//DTD XHTML 1.0 Transitional//EN"
    "http://www.w3.org/TR/xhtml1/DTD/xhtml1-transitional.dtd">
<html xmlns="http://www.w3.org/1999/xhtml" xml:lang="en" lang="en">
 <head>
  <title>
</title>
<meta http-equiv="Content-Type" content="text/html;charset=utf-8" />
  <meta name='ocr-system' content='tesseract 3.04.00' />
  <meta name='ocr-capabilities' content='ocr_page ocr_carea ocr_par ocr_line ocrx_word'/>
</head>
<body>
  <div class='ocr_page' id='page_1' title='image "./vindiciaeplinian00urliuoft_0084.png"; bbox 0 0 1914 3237; ppageno 0'>
   <div class='ocr_carea' id='block_1_1' title="bbox 225 289 306 334">
    <p class='ocr_par' dir='ltr' id='par_1_1' title="bbox 225 289 306 334">
     <span class='ocr_line' id='line_1_1' title="bbox 225 289 306 334; baseline -0.062 -1"><span class='ocrx_word' id='word_1_1' title='bbox 225 289 306 334; x_wconf 85' lang='lat'><strong>105</strong></span> 
     </span>
    </p>
   </div>
   <div class='ocr_carea' id='block_1_2' title="bbox 224 1959 304 2006">
    <p class='ocr_par' dir='ltr' id='par_1_2' title="bbox 224 1959 304 2006">
     <span class='ocr_line' id='line_1_2' title="bbox 224 1959 304 2006; baseline -0.063 0"><span class='ocrx_word' id='word_1_2' title='bbox 224 1959 304 2006; x_wconf 81' lang='lat'><strong>106</strong></span> 
     </span>
    </p>
   </div>
   <div class='ocr_carea' id='block_1_3' title="bbox 327 148 1174 193">
    <p class='ocr_par' dir='ltr' id='par_1_3' title="bbox 327 148 1174 193">
     <span class='ocr_line' id='line_1_3' title="bbox 327 148 1174 193; baseline 0.001 -2"><span class='ocrx_word' id='word_1_3' title='bbox 327 149 383 191; x_wconf 84' lang='lat'><strong>80</strong></span> <span class='ocrx_word' id='word_1_4' title='bbox 958 148 1089 191; x_wconf 70' lang='lat' dir='ltr'><strong>Liber</strong></span> <span class='ocrx_word' id='word_1_5' title='bbox 1120 150 1174 193; x_wconf 88' lang='lat' dir='ltr'><strong>V.</strong></span> 
     </span>
    </p>
   </div>
   <div class='ocr_carea' id='block_1_4' title="bbox 887 272 1224 334">
    <p class='ocr_par' dir='ltr' id='par_1_4' title="bbox 887 272 1224 334">
     <span class='ocr_line' id='line_1_4' title="bbox 887 272 1224 334; baseline 0.003 -14"><span class='ocrx_word' id='word_1_6' title='bbox 887 272 952 321; x_wconf 85' lang='lat'><strong>91</strong></span> <span class='ocrx_word' id='word_1_7' title='bbox 971 295 1023 317; x_wconf 83' lang='lat'><strong>=</strong></span> <span class='ocrx_word' id='word_1_8' title='bbox 1043 273 1125 334; x_wconf 80' lang='lat'><strong>27,</strong></span> <span class='ocrx_word' id='word_1_9' title='bbox 1144 273 1224 321; x_wconf 90' lang='lat'><strong>22.</strong></span> 
     </span>
    </p>
   </div>
   <div class='ocr_carea' id='block_1_5' title="bbox 395 371 1796 529">
    <p class='ocr_par' dir='ltr' id='par_1_5' title="bbox 395 371 1796 529">
     <span class='ocr_line' id='line_1_5' title="bbox 396 371 1796 438; baseline 0.004 -19"><span class='ocrx_word' id='word_1_10' title='bbox 396 400 463 408; x_wconf 90' lang='lat'><strong>-—</strong></span> <span class='ocrx_word' id='word_1_11' title='bbox 491 371 626 420; x_wconf 92' lang='lat' dir='ltr'><strong>sinus</strong></span> <span class='ocrx_word' id='word_1_12' title='bbox 644 371 846 434; x_wconf 81' lang='lat' dir='ltr'>Issicus,</span> <span class='ocrx_word' id='word_1_13' title='bbox 877 373 1107 438; x_wconf 89' lang='lat' dir='ltr'><strong>oppidum</strong></span> <span class='ocrx_word' id='word_1_14' title='bbox 1128 375 1280 435; x_wconf 85' lang='lat' dir='ltr'><strong>Issos,</strong></span> <span class='ocrx_word' id='word_1_15' title='bbox 1313 374 1452 422; x_wconf 91' lang='lat' dir='ltr'><strong>inde</strong></span> <span class='ocrx_word' id='word_1_16' title='bbox 1482 374 1796 436; x_wconf 79' lang='lat' dir='ltr'><strong>Alexandria,</strong></span> 
     </span>
     <span class='ocr_line' id='line_1_6' title="bbox 395 462 1430 529; baseline 0.001 -20"><span class='ocrx_word' id='word_1_17' title='bbox 395 463 576 510; x_wconf 90' lang='lat' dir='ltr'><strong>flumen</strong></span> <span class='ocrx_word' id='word_1_18' title='bbox 614 462 840 523; x_wconf 83' lang='lat' dir='ltr'>Chlorus,</span> <span class='ocrx_word' id='word_1_19' title='bbox 878 463 1107 528; x_wconf 85' lang='lat' dir='ltr'><strong>oppidum</strong></span> <span class='ocrx_word' id='word_1_20' title='bbox 1146 465 1313 529; x_wconf 83' lang='lat' dir='ltr'>Aegae</span> <span class='ocrx_word' id='word_1_21' title='bbox 1349 469 1430 511; x_wconf 82' lang='lat' dir='ltr'><strong>rel.</strong></span> 
     </span>
    </p>
   </div>
   <div class='ocr_carea' id='block_1_6' title="bbox 322 555 1799 1878">
    <p class='ocr_par' dir='ltr' id='par_1_6' title="bbox 322 555 1799 1878">
     <span class='ocr_line' id='line_1_7' title="bbox 438 555 1798 618; baseline 0.001 -15"><span class='ocrx_word' id='word_1_22' title='bbox 438 555 484 603; x_wconf 89' lang='lat' dir='ltr'><strong>ln</strong></span> <span class='ocrx_word' id='word_1_23' title='bbox 518 561 671 603; x_wconf 87' lang='lat' dir='ltr'><strong>Cilicia</strong></span> <span class='ocrx_word' id='word_1_24' title='bbox 709 562 1003 605; x_wconf 87' lang='lat' dir='ltr'><strong>describenda</strong></span> <span class='ocrx_word' id='word_1_25' title='bbox 1040 564 1202 606; x_wconf 85' lang='lat' dir='ltr'>Plinius</span> <span class='ocrx_word' id='word_1_26' title='bbox 1242 578 1268 605; x_wconf 86' lang='lat' dir='ltr'><strong>a</strong></span> <span class='ocrx_word' id='word_1_27' title='bbox 1299 564 1458 618; x_wconf 79' lang='lat' dir='ltr'><strong>Syriae</strong></span> <span class='ocrx_word' id='word_1_28' title='bbox 1488 563 1646 605; x_wconf 85' lang='lat' dir='ltr'><strong>finibus</strong></span> <span class='ocrx_word' id='word_1_29' title='bbox 1676 565 1798 606; x_wconf 91' lang='lat' dir='ltr'><strong>occi-</strong></span> 
     </span>
     <span class='ocr_line' id='line_1_8' title="bbox 328 641 1797 698; baseline 0.001 -15"><span class='ocrx_word' id='word_1_30' title='bbox 328 642 502 684; x_wconf 83' lang='lat' dir='ltr'><strong>dentem</strong></span> <span class='ocrx_word' id='word_1_31' title='bbox 522 655 681 683; x_wconf 88' lang='lat' dir='ltr'><strong>versus</strong></span> <span class='ocrx_word' id='word_1_32' title='bbox 700 643 922 696; x_wconf 81' lang='lat' dir='ltr'><strong>procedit:</strong></span> <span class='ocrx_word' id='word_1_33' title='bbox 951 642 1110 698; x_wconf 89' lang='lat' dir='ltr'><strong>quodsi</strong></span> <span class='ocrx_word' id='word_1_34' title='bbox 1136 643 1266 697; x_wconf 85' lang='lat' dir='ltr'><strong>igitur</strong></span> <span class='ocrx_word' id='word_1_35' title='bbox 1295 642 1397 683; x_wconf 77' lang='lat' dir='ltr'><strong>inde</strong></span> <span class='ocrx_word' id='word_1_36' title='bbox 1422 650 1543 683; x_wconf 87' lang='lat' dir='ltr'><strong>recte</strong></span> <span class='ocrx_word' id='word_1_37' title='bbox 1562 641 1797 697; x_wconf 85' lang='lat' dir='ltr'><strong>legeretur,</strong></span> 
     </span>
     <span class='ocr_line' id='line_1_9' title="bbox 325 721 1797 776; baseline 0 -14"><span class='ocrx_word' id='word_1_38' title='bbox 325 721 600 763; x_wconf 80' lang='lat' dir='ltr'><strong>Alexandria</strong></span> <span class='ocrx_word' id='word_1_39' title='bbox 639 721 735 762; x_wconf 86' lang='lat' dir='ltr'><strong>Isso</strong></span> <span class='ocrx_word' id='word_1_40' title='bbox 777 721 873 762; x_wconf 89' lang='lat' dir='ltr'><strong>urbi</strong></span> <span class='ocrx_word' id='word_1_41' title='bbox 910 721 967 761; x_wconf 87' lang='lat' dir='ltr'><strong>ad</strong></span> <span class='ocrx_word' id='word_1_42' title='bbox 1007 721 1279 763; x_wconf 88' lang='lat' dir='ltr'><strong>occidentem</strong></span> <span class='ocrx_word' id='word_1_43' title='bbox 1321 722 1404 763; x_wconf 89' lang='lat' dir='ltr'><strong>sita</strong></span> <span class='ocrx_word' id='word_1_44' title='bbox 1437 721 1630 776; x_wconf 89' lang='lat' dir='ltr'><strong>putanda</strong></span> <span class='ocrx_word' id='word_1_45' title='bbox 1662 728 1797 763; x_wconf 87' lang='lat' dir='ltr'><strong>esset.</strong></span> 
     </span>
     <span class='ocr_line' id='line_1_10' title="bbox 327 798 1797 855; baseline 0.001 -15"><span class='ocrx_word' id='word_1_46' title='bbox 327 801 470 848; x_wconf 80' lang='lat' dir='ltr'><strong>Quum</strong></span> <span class='ocrx_word' id='word_1_47' title='bbox 488 813 597 840; x_wconf 86' lang='lat' dir='ltr'><strong>vero</strong></span> <span class='ocrx_word' id='word_1_48' title='bbox 617 798 778 841; x_wconf 84' lang='lat' dir='ltr'>Plinius</span> <span class='ocrx_word' id='word_1_49' title='bbox 802 808 982 854; x_wconf 86' lang='lat' dir='ltr'><strong>propter</strong></span> <span class='ocrx_word' id='word_1_50' title='bbox 1007 800 1228 841; x_wconf 81' lang='lat' dir='ltr'>nominum</span> <span class='ocrx_word' id='word_1_51' title='bbox 1247 800 1569 841; x_wconf 87' lang='lat' dir='ltr'><strong>similitudinem</strong></span> <span class='ocrx_word' id='word_1_52' title='bbox 1589 800 1797 855; x_wconf 86' lang='lat' dir='ltr'><strong>oppidum</strong></span> 
     </span>
     <span class='ocr_line' id='line_1_11' title="bbox 325 876 1799 934; baseline 0.001 -15"><span class='ocrx_word' id='word_1_53' title='bbox 325 879 465 919; x_wconf 83' lang='lat' dir='ltr'><strong>lssum</strong></span> <span class='ocrx_word' id='word_1_54' title='bbox 493 892 589 918; x_wconf 90' lang='lat' dir='ltr'><strong>cum</strong></span> <span class='ocrx_word' id='word_1_55' title='bbox 616 878 712 918; x_wconf 88' lang='lat' dir='ltr'><strong>sinu</strong></span> <span class='ocrx_word' id='word_1_56' title='bbox 729 878 1034 919; x_wconf 77' lang='lat' dir='ltr'><strong>coniunxisset</strong></span> <span class='ocrx_word' id='word_1_57' title='bbox 1063 878 1337 931; x_wconf 80' lang='lat' dir='ltr'><strong>adderetque</strong></span> <span class='ocrx_word' id='word_1_58' title='bbox 1352 876 1667 919; x_wconf 84' lang='lat' dir='ltr'><strong>Alexandriam</strong></span> <span class='ocrx_word' id='word_1_59' title='bbox 1684 891 1799 934; x_wconf 87' lang='lat' dir='ltr'><strong>quae</strong></span> 
     </span>
     <span class='ocr_line' id='line_1_12' title="bbox 326 955 1799 1011; baseline 0 -14"><span class='ocrx_word' id='word_1_60' title='bbox 326 956 431 997; x_wconf 83' lang='lat' dir='ltr'><strong>xvl</strong></span> <span class='ocrx_word' id='word_1_61' title='bbox 457 955 543 998; x_wconf 86' lang='lat' dir='ltr'><strong>mil.</strong></span> <span class='ocrx_word' id='word_1_62' title='bbox 578 970 622 1010; x_wconf 87' lang='lat' dir='ltr'><strong>p.</strong></span> <span class='ocrx_word' id='word_1_63' title='bbox 658 956 713 996; x_wconf 88' lang='lat' dir='ltr'><strong>ab</strong></span> <span class='ocrx_word' id='word_1_64' title='bbox 744 956 842 996; x_wconf 88' lang='lat' dir='ltr'><strong>Isso</strong></span> <span class='ocrx_word' id='word_1_65' title='bbox 878 956 1102 997; x_wconf 86' lang='lat' dir='ltr'><strong>meridiem</strong></span> <span class='ocrx_word' id='word_1_66' title='bbox 1135 969 1294 997; x_wconf 86' lang='lat' dir='ltr'><strong>versus</strong></span> <span class='ocrx_word' id='word_1_67' title='bbox 1330 955 1540 1006; x_wconf 71' lang='lat' dir='ltr'><strong>distabat,</strong></span> <span class='ocrx_word' id='word_1_68' title='bbox 1578 956 1664 997; x_wconf 89' lang='lat' dir='ltr'><strong>alia</strong></span> <span class='ocrx_word' id='word_1_69' title='bbox 1692 970 1799 1011; x_wconf 89' lang='lat' dir='ltr'><strong>pro-</strong></span> 
     </span>
     <span class='ocr_line' id='line_1_13' title="bbox 324 1032 1798 1089; baseline 0.001 -14"><span class='ocrx_word' id='word_1_70' title='bbox 324 1034 442 1076; x_wconf 83' lang='lat' dir='ltr'><strong>fecto</strong></span> <span class='ocrx_word' id='word_1_71' title='bbox 473 1034 688 1089; x_wconf 85' lang='lat' dir='ltr'><strong>particula</strong></span> <span class='ocrx_word' id='word_1_72' title='bbox 716 1034 926 1075; x_wconf 88' lang='lat' dir='ltr'><strong>utendum</strong></span> <span class='ocrx_word' id='word_1_73' title='bbox 956 1032 1037 1074; x_wconf 85' lang='lat' dir='ltr'><strong>fuit</strong></span> <span class='ocrx_word' id='word_1_74' title='bbox 1071 1046 1198 1088; x_wconf 86' lang='lat' dir='ltr'><strong>quam</strong></span> <span class='ocrx_word' id='word_1_75' title='bbox 1227 1047 1342 1089; x_wconf 90' lang='lat' dir='ltr'><strong>quae</strong></span> <span class='ocrx_word' id='word_1_76' title='bbox 1371 1033 1529 1075; x_wconf 83' lang='lat' dir='ltr'><strong>salsam</strong></span> <span class='ocrx_word' id='word_1_77' title='bbox 1562 1035 1618 1076; x_wconf 90' lang='lat' dir='ltr'><strong>de</strong></span> <span class='ocrx_word' id='word_1_78' title='bbox 1649 1035 1798 1089; x_wconf 88' lang='lat' dir='ltr'><strong>oppidi</strong></span> 
     </span>
     <span class='ocr_line' id='line_1_14' title="bbox 324 1110 1798 1167; baseline 0 -13"><span class='ocrx_word' id='word_1_79' title='bbox 324 1112 411 1154; x_wconf 88' lang='lat' dir='ltr'><strong>situ</strong></span> <span class='ocrx_word' id='word_1_80' title='bbox 451 1113 699 1166; x_wconf 85' lang='lat' dir='ltr'><strong>opinionem</strong></span> <span class='ocrx_word' id='word_1_81' title='bbox 741 1117 1010 1166; x_wconf 82' lang='lat' dir='ltr'><strong>procrearet.</strong></span> <span class='ocrx_word' id='word_1_82' title='bbox 1080 1110 1233 1152; x_wconf 84' lang='lat' dir='ltr'><strong>Talem</strong></span> <span class='ocrx_word' id='word_1_83' title='bbox 1271 1125 1380 1153; x_wconf 91' lang='lat' dir='ltr'><strong>vero</strong></span> <span class='ocrx_word' id='word_1_84' title='bbox 1409 1112 1670 1167; x_wconf 85' lang='lat' dir='ltr'><strong>particulam</strong></span> <span class='ocrx_word' id='word_1_85' title='bbox 1701 1112 1798 1154; x_wconf 88' lang='lat' dir='ltr'><strong>libri</strong></span> 
     </span>
     <span class='ocr_line' id='line_1_15' title="bbox 324 1189 1797 1247; baseline 0.002 -16"><span class='ocrx_word' id='word_1_86' title='bbox 324 1190 435 1233; x_wconf 84' lang='lat' dir='ltr'><strong>Mss.</strong></span> <span class='ocrx_word' id='word_1_87' title='bbox 466 1197 645 1245; x_wconf 83' lang='lat' dir='ltr'><strong>praeter</strong></span> <span class='ocrx_word' id='word_1_88' title='bbox 672 1191 885 1231; x_wconf 82' lang='lat' dir='ltr'><strong>incertum</strong></span> <span class='ocrx_word' id='word_1_89' title='bbox 907 1189 1022 1231; x_wconf 91' lang='lat' dir='ltr'><strong>illum</strong></span> <span class='ocrx_word' id='word_1_90' title='bbox 1042 1189 1317 1245; x_wconf 86' lang='lat' dir='ltr'><strong>Dalecampii</strong></span> <span class='ocrx_word' id='word_1_91' title='bbox 1338 1191 1398 1243; x_wconf 77' lang='lat' dir='ltr'><strong>M,</strong></span> <span class='ocrx_word' id='word_1_92' title='bbox 1427 1200 1632 1247; x_wconf 88' lang='lat' dir='ltr'><strong>quantum</strong></span> <span class='ocrx_word' id='word_1_93' title='bbox 1651 1192 1797 1242; x_wconf 79' lang='lat' dir='ltr'><strong>viden,</strong></span> 
     </span>
     <span class='ocr_line' id='line_1_16' title="bbox 325 1269 1799 1323; baseline 0.001 -13"><span class='ocrx_word' id='word_1_94' title='bbox 325 1269 421 1311; x_wconf 84' lang='lat' dir='ltr'><strong>sere</strong></span> <span class='ocrx_word' id='word_1_95' title='bbox 454 1282 606 1309; x_wconf 87' lang='lat' dir='ltr'><strong>omnes</strong></span> <span class='ocrx_word' id='word_1_96' title='bbox 639 1269 878 1323; x_wconf 86' lang='lat' dir='ltr'><strong>dederunt,</strong></span> <span class='ocrx_word' id='word_1_97' title='bbox 919 1269 1060 1323; x_wconf 84' lang='lat' dir='ltr'><strong>ipsam</strong></span> <span class='ocrx_word' id='word_1_98' title='bbox 1090 1269 1221 1310; x_wconf 86' lang='lat' dir='ltr'><strong>codd.</strong></span> <span class='ocrx_word' id='word_1_99' title='bbox 1252 1269 1451 1320; x_wconf 76' lang='lat' dir='ltr'><strong>Barbari,</strong></span> <span class='ocrx_word' id='word_1_100' title='bbox 1482 1272 1524 1311; x_wconf 89' lang='lat' dir='ltr'><strong>in</strong></span> <span class='ocrx_word' id='word_1_101' title='bbox 1557 1271 1670 1311; x_wconf 82' lang='lat' dir='ltr'><strong>idem</strong></span> <span class='ocrx_word' id='word_1_102' title='bbox 1700 1284 1799 1312; x_wconf 85' lang='lat' dir='ltr'><strong>cor-</strong></span> 
     </span>
     <span class='ocr_line' id='line_1_17' title="bbox 324 1341 1797 1404; baseline 0.001 -15"><span class='ocrx_word' id='word_1_103' title='bbox 324 1355 498 1402; x_wconf 80' lang='lat' dir='ltr'><strong>ruptam</strong></span> <span class='ocrx_word' id='word_1_104' title='bbox 529 1346 697 1402; x_wconf 88' lang='lat' dir='ltr'><strong>reliqui.</strong></span> <span class='ocrx_word' id='word_1_105' title='bbox 738 1346 801 1393; x_wconf 85' lang='lat' dir='ltr'><strong>Ea</strong></span> <span class='ocrx_word' id='word_1_106' title='bbox 831 1341 900 1387; x_wconf 85' lang='lat' dir='ltr'><strong>est</strong></span> <span class='ocrx_word' id='word_1_107' title='bbox 934 1347 1053 1387; x_wconf 81' lang='lat' dir='ltr'><strong>item</strong></span> <span class='ocrx_word' id='word_1_108' title='bbox 1084 1360 1169 1403; x_wconf 88' lang='lat' dir='ltr'><strong>qua</strong></span> <span class='ocrx_word' id='word_1_109' title='bbox 1198 1349 1415 1403; x_wconf 86' lang='lat' dir='ltr'><strong>significat</strong></span> <span class='ocrx_word' id='word_1_110' title='bbox 1444 1349 1638 1404; x_wconf 88' lang='lat' dir='ltr'><strong>scriptor</strong></span> <span class='ocrx_word' id='word_1_111' title='bbox 1666 1364 1797 1404; x_wconf 91' lang='lat' dir='ltr'><strong>quum</strong></span> 
     </span>
     <span class='ocr_line' id='line_1_18' title="bbox 327 1426 1797 1484; baseline 0.001 -17"><span class='ocrx_word' id='word_1_112' title='bbox 327 1435 428 1481; x_wconf 87' lang='lat' dir='ltr'><strong>post</strong></span> <span class='ocrx_word' id='word_1_113' title='bbox 455 1426 648 1477; x_wconf 72' lang='lat' dir='ltr'><strong>flumina,</strong></span> <span class='ocrx_word' id='word_1_114' title='bbox 680 1433 891 1480; x_wconf 88' lang='lat' dir='ltr'><strong>montem,</strong></span> <span class='ocrx_word' id='word_1_115' title='bbox 923 1427 1063 1467; x_wconf 90' lang='lat' dir='ltr'><strong>sinum</strong></span> <span class='ocrx_word' id='word_1_116' title='bbox 1095 1428 1302 1482; x_wconf 86' lang='lat' dir='ltr'><strong>oppidum</strong></span> <span class='ocrx_word' id='word_1_117' title='bbox 1333 1441 1506 1484; x_wconf 89' lang='lat' dir='ltr'><strong>quoque</strong></span> <span class='ocrx_word' id='word_1_118' title='bbox 1538 1441 1797 1470; x_wconf 89' lang='lat' dir='ltr'><strong>commemo-</strong></span> 
     </span>
     <span class='ocr_line' id='line_1_19' title="bbox 326 1504 1797 1561; baseline 0.001 -14"><span class='ocrx_word' id='word_1_119' title='bbox 326 1512 496 1555; x_wconf 87' lang='lat' dir='ltr'><strong>rasset,</strong></span> <span class='ocrx_word' id='word_1_120' title='bbox 537 1504 854 1546; x_wconf 82' lang='lat' dir='ltr'><strong>Alexandriam</strong></span> <span class='ocrx_word' id='word_1_121' title='bbox 893 1506 1060 1560; x_wconf 87' lang='lat' dir='ltr'><strong>pariter</strong></span> <span class='ocrx_word' id='word_1_122' title='bbox 1094 1514 1226 1561; x_wconf 86' lang='lat' dir='ltr'><strong>atque</strong></span> <span class='ocrx_word' id='word_1_123' title='bbox 1261 1507 1401 1548; x_wconf 88' lang='lat' dir='ltr'><strong>Issum</strong></span> <span class='ocrx_word' id='word_1_124' title='bbox 1443 1507 1648 1561; x_wconf 83' lang='lat' dir='ltr'><strong>oppidum</strong></span> <span class='ocrx_word' id='word_1_125' title='bbox 1680 1520 1797 1548; x_wconf 88' lang='lat' dir='ltr'><strong>esse.</strong></span> 
     </span>
     <span class='ocr_line' id='line_1_20' title="bbox 322 1582 1797 1640; baseline 0.001 -15"><span class='ocrx_word' id='word_1_126' title='bbox 322 1582 488 1625; x_wconf 85' lang='lat' dir='ltr'><strong>Similis</strong></span> <span class='ocrx_word' id='word_1_127' title='bbox 512 1583 717 1625; x_wconf 82' lang='lat' dir='ltr'><strong>vocabuli</strong></span> <span class='ocrx_word' id='word_1_128' title='bbox 743 1596 850 1624; x_wconf 94' lang='lat' dir='ltr'><strong>usus</strong></span> <span class='ocrx_word' id='word_1_129' title='bbox 880 1584 1100 1638; x_wconf 90' lang='lat' dir='ltr'><strong>reperitur</strong></span> <span class='ocrx_word' id='word_1_130' title='bbox 1132 1584 1286 1640; x_wconf 59' lang='lat'><strong>§.148</strong></span> <span class='ocrx_word' id='word_1_131' title='bbox 1321 1609 1365 1616; x_wconf 86' lang='grc'><strong>-</strong></span> <span class='ocrx_word' id='word_1_132' title='bbox 1403 1585 1440 1640; x_wconf 83' lang='lat'>§</span> <span class='ocrx_word' id='word_1_133' title='bbox 1455 1585 1522 1629; x_wconf 86' lang='lat'><strong>96.</strong></span> <span class='ocrx_word' id='word_1_134' title='bbox 1554 1586 1636 1626; x_wconf 86' lang='lat' dir='ltr'><strong>nisi</strong></span> <span class='ocrx_word' id='word_1_135' title='bbox 1667 1585 1797 1626; x_wconf 91' lang='lat' dir='ltr'><strong>codd.</strong></span> 
     </span>
     <span class='ocr_line' id='line_1_21' title="bbox 324 1660 1797 1717; baseline 0.002 -15"><span class='ocrx_word' id='word_1_136' title='bbox 324 1663 589 1717; x_wconf 75' lang='lat' dir='ltr'><strong>scripturam</strong></span> <span class='ocrx_word' id='word_1_137' title='bbox 624 1660 916 1702; x_wconf 78' lang='lat' dir='ltr'><strong>Platanistum</strong></span> <span class='ocrx_word' id='word_1_138' title='bbox 946 1676 1128 1704; x_wconf 87' lang='lat' dir='ltr'><strong>servare</strong></span> <span class='ocrx_word' id='word_1_139' title='bbox 1159 1661 1300 1716; x_wconf 89' lang='lat' dir='ltr'><strong>malis,</strong></span> <span class='ocrx_word' id='word_1_140' title='bbox 1332 1676 1355 1704; x_wconf 90' lang='lat' dir='ltr'><strong>e</strong></span> <span class='ocrx_word' id='word_1_141' title='bbox 1376 1662 1626 1704; x_wconf 82' lang='lat' dir='ltr'><strong>Ptolemaeo</strong></span> <span class='ocrx_word' id='word_1_142' title='bbox 1644 1662 1797 1705; x_wconf 83' lang='lat' dir='ltr'><strong>V.5.8.</strong></span> 
     </span>
     <span class='ocr_line' id='line_1_22' title="bbox 323 1739 1797 1797; baseline -0.001 -13"><span class='ocrx_word' id='word_1_143' title='bbox 323 1741 559 1797; x_wconf 83' lang='lat' dir='ltr'><strong>legendum</strong></span> <span class='ocrx_word' id='word_1_144' title='bbox 597 1740 678 1781; x_wconf 88' lang='lat' dir='ltr'><strong>erit</strong></span> <span class='ocrx_word' id='word_1_145' title='bbox 718 1739 1030 1784; x_wconf 79' lang='lat' dir='ltr'><strong>Pednelissum.</strong></span> <span class='ocrx_word' id='word_1_146' title='bbox 1097 1740 1329 1797; x_wconf 62' lang='lat' dir='ltr'><strong>Paryadtts</strong></span> <span class='ocrx_word' id='word_1_147' title='bbox 1367 1754 1405 1785; x_wconf 83' lang='lat' dir='ltr'><strong>S.</strong></span> <span class='ocrx_word' id='word_1_148' title='bbox 1441 1741 1689 1796; x_wconf 80' lang='lat' dir='ltr'><strong>Paryardes</strong></span> <span class='ocrx_word' id='word_1_149' title='bbox 1724 1749 1797 1783; x_wconf 86' lang='lat' dir='ltr'><strong>aut</strong></span> 
     </span>
     <span class='ocr_line' id='line_1_23' title="bbox 325 1819 1358 1878; baseline -0.005 -14"><span class='ocrx_word' id='word_1_150' title='bbox 325 1820 447 1878; x_wconf 57' lang='lat' dir='ltr'><strong>§.3ss</strong></span> <span class='ocrx_word' id='word_1_151' title='bbox 469 1827 543 1861; x_wconf 88' lang='lat' dir='ltr'><strong>aut</strong></span> <span class='ocrx_word' id='word_1_152' title='bbox 562 1819 630 1862; x_wconf 89' lang='grc'><strong>99.</strong></span> <span class='ocrx_word' id='word_1_153' title='bbox 663 1832 687 1860; x_wconf 92' lang='lat' dir='ltr'><strong>e</strong></span> <span class='ocrx_word' id='word_1_154' title='bbox 718 1819 988 1874; x_wconf 80' lang='lat' dir='ltr'><strong>glossemate</strong></span> <span class='ocrx_word' id='word_1_155' title='bbox 1019 1826 1139 1860; x_wconf 76' lang='lat' dir='ltr'><strong>ortus</strong></span> <span class='ocrx_word' id='word_1_156' title='bbox 1171 1820 1358 1861; x_wconf 87' lang='lat' dir='ltr'><strong>videtur.</strong></span> 
     </span>
    </p>
   </div>
   <div class='ocr_carea' id='block_1_7' title="bbox 879 1931 1246 1992">
    <p class='ocr_par' dir='ltr' id='par_1_7' title="bbox 879 1931 1246 1992">
     <span class='ocr_line' id='line_1_24' title="bbox 879 1931 1246 1992; baseline -0.005 -12"><span class='ocrx_word' id='word_1_157' title='bbox 879 1933 975 1981; x_wconf 85' lang='lat'><strong>107</strong></span> <span class='ocrx_word' id='word_1_158' title='bbox 995 1957 1048 1977; x_wconf 80' lang='lat'><strong><em>=</em></strong></span> <span class='ocrx_word' id='word_1_159' title='bbox 1064 1933 1144 1992; x_wconf 86' lang='lat'><strong>29,</strong></span> <span class='ocrx_word' id='word_1_160' title='bbox 1166 1931 1246 1979; x_wconf 87' lang='lat'><strong>29.</strong></span> 
     </span>
    </p>
   </div>
   <div class='ocr_carea' id='block_1_8' title="bbox 391 2032 1794 2188">
    <p class='ocr_par' dir='ltr' id='par_1_8' title="bbox 391 2032 1794 2188">
     <span class='ocr_line' id='line_1_25' title="bbox 392 2032 1794 2097; baseline -0.001 -14"><span class='ocrx_word' id='word_1_161' title='bbox 392 2034 594 2083; x_wconf 87' lang='lat' dir='ltr'><strong>Doridis</strong></span> <span class='ocrx_word' id='word_1_162' title='bbox 636 2035 685 2083; x_wconf 92' lang='lat' dir='ltr'><strong>in</strong></span> <span class='ocrx_word' id='word_1_163' title='bbox 736 2034 844 2082; x_wconf 91' lang='lat' dir='ltr'><strong>sinu</strong></span> <span class='ocrx_word' id='word_1_164' title='bbox 888 2032 1212 2097; x_wconf 84' lang='lat' dir='ltr'><strong>LeucopoliS,</strong></span> <span class='ocrx_word' id='word_1_165' title='bbox 1258 2033 1578 2093; x_wconf 80' lang='lat' dir='ltr'><strong>Hamaxitos,</strong></span> <span class='ocrx_word' id='word_1_166' title='bbox 1622 2033 1794 2095; x_wconf 83' lang='lat' dir='ltr'><strong>EleuS,</strong></span> 
     </span>
     <span class='ocr_line' id='line_1_26' title="bbox 391 2122 1794 2188; baseline -0.004 -13"><span class='ocrx_word' id='word_1_167' title='bbox 391 2126 638 2175; x_wconf 80' lang='lat' dir='ltr'><strong>Euthene.</strong></span> <span class='ocrx_word' id='word_1_168' title='bbox 686 2124 815 2173; x_wconf 87' lang='lat' dir='ltr'><strong>Dein</strong></span> <span class='ocrx_word' id='word_1_169' title='bbox 846 2123 1020 2172; x_wconf 84' lang='lat' dir='ltr'><strong>Cariae</strong></span> <span class='ocrx_word' id='word_1_170' title='bbox 1053 2122 1231 2188; x_wconf 88' lang='lat' dir='ltr'><strong>oppida</strong></span> <span class='ocrx_word' id='word_1_171' title='bbox 1262 2123 1488 2180; x_wconf 76' lang='lat' dir='ltr'><strong>Pitaium,</strong></span> <span class='ocrx_word' id='word_1_172' title='bbox 1525 2122 1794 2183; x_wconf 68' lang='lat' dir='ltr'><strong>Eumne,</strong></span> 
     </span>
    </p>
   </div>
   <div class='ocr_carea' id='block_1_9' title="bbox 391 2216 761 2266">
    <p class='ocr_par' dir='ltr' id='par_1_9' title="bbox 391 2216 761 2266">
     <span class='ocr_line' id='line_1_27' title="bbox 391 2216 761 2266; baseline -0.003 -1"><span class='ocrx_word' id='word_1_173' title='bbox 391 2216 761 2266; x_wconf 87' lang='lat' dir='ltr'><strong>Halicarnasus.</strong></span> 
     </span>
    </p>
   </div>
   <div class='ocr_carea' id='block_1_10' title="bbox 323 2312 1796 2844">
    <p class='ocr_par' dir='ltr' id='par_1_10' title="bbox 323 2312 1796 2844">
     <span class='ocr_line' id='line_1_28' title="bbox 438 2312 1796 2369; baseline -0.003 -12"><span class='ocrx_word' id='word_1_174' title='bbox 438 2316 799 2359; x_wconf 81' lang='lat' dir='ltr'><strong>Halicarnassum</strong></span> <span class='ocrx_word' id='word_1_175' title='bbox 837 2316 996 2358; x_wconf 86' lang='lat' dir='ltr'><strong>Cariae</strong></span> <span class='ocrx_word' id='word_1_176' title='bbox 1032 2314 1152 2356; x_wconf 90' lang='lat' dir='ltr'><strong>Mela</strong></span> <span class='ocrx_word' id='word_1_177' title='bbox 1191 2327 1363 2369; x_wconf 87' lang='lat' dir='ltr'><strong>quoque</strong></span> <span class='ocrx_word' id='word_1_178' title='bbox 1408 2314 1434 2354; x_wconf 90' lang='lat'><strong>1.</strong></span> <span class='ocrx_word' id='word_1_179' title='bbox 1474 2312 1538 2353; x_wconf 89' lang='grc'><strong>16.</strong></span> <span class='ocrx_word' id='word_1_180' title='bbox 1587 2313 1796 2363; x_wconf 84' lang='lat' dir='ltr'><strong>attribuit,</strong></span> 
     </span>
     <span class='ocr_line' id='line_1_29' title="bbox 324 2392 1796 2451; baseline -0.001 -15"><span class='ocrx_word' id='word_1_181' title='bbox 324 2395 687 2437; x_wconf 71' lang='lat' dir='ltr'><strong>sicutliuthanen</strong></span> <span class='ocrx_word' id='word_1_182' title='bbox 721 2409 834 2451; x_wconf 88' lang='lat' dir='ltr'><strong>quae</strong></span> <span class='ocrx_word' id='word_1_183' title='bbox 867 2395 995 2436; x_wconf 91' lang='lat' dir='ltr'><strong>ctiam</strong></span> <span class='ocrx_word' id='word_1_184' title='bbox 1016 2408 1040 2434; x_wconf 90' lang='lat' dir='ltr'><strong>a</strong></span> <span class='ocrx_word' id='word_1_185' title='bbox 1061 2393 1288 2448; x_wconf 84' lang='lat' dir='ltr'><strong>Stephano</strong></span> <span class='ocrx_word' id='word_1_186' title='bbox 1319 2392 1433 2441; x_wconf 75' lang='grc' dir='ltr'><em>πόλις</em></span> <span class='ocrx_word' id='word_1_187' title='bbox 1452 2392 1610 2448; x_wconf 75' lang='grc' dir='ltr'><em>Καρίας</em></span> <span class='ocrx_word' id='word_1_188' title='bbox 1640 2393 1796 2448; x_wconf 86' lang='lat' dir='ltr'><strong>appel-</strong></span> 
     </span>
     <span class='ocr_line' id='line_1_30' title="bbox 323 2473 1796 2528; baseline -0.001 -14"><span class='ocrx_word' id='word_1_189' title='bbox 323 2474 450 2514; x_wconf 90' lang='lat' dir='ltr'><strong>latur.</strong></span> <span class='ocrx_word' id='word_1_190' title='bbox 507 2473 703 2527; x_wconf 58' lang='grc' dir='ltr'>Εὐβήυην</span> <span class='ocrx_word' id='word_1_191' title='bbox 734 2482 883 2515; x_wconf 88' lang='lat' dir='ltr'><strong>vocat:</strong></span> <span class='ocrx_word' id='word_1_192' title='bbox 923 2480 1111 2528; x_wconf 88' lang='lat' dir='ltr'><strong>apparet</strong></span> <span class='ocrx_word' id='word_1_193' title='bbox 1142 2473 1271 2526; x_wconf 85' lang='lat' dir='ltr'><strong>igitur</strong></span> <span class='ocrx_word' id='word_1_194' title='bbox 1308 2473 1493 2513; x_wconf 88' lang='lat' dir='ltr'><strong>eandem</strong></span> <span class='ocrx_word' id='word_1_195' title='bbox 1527 2485 1630 2513; x_wconf 89' lang='lat' dir='ltr'><strong>esse</strong></span> <span class='ocrx_word' id='word_1_196' title='bbox 1666 2485 1796 2526; x_wconf 89' lang='lat' dir='ltr'><strong>quam</strong></span> 
     </span>
     <span class='ocr_line' id='line_1_31' title="bbox 326 2550 1794 2604; baseline -0.003 -10"><span class='ocrx_word' id='word_1_197' title='bbox 326 2555 454 2595; x_wconf 86' lang='lat' dir='ltr'><strong>modo</strong></span> <span class='ocrx_word' id='word_1_198' title='bbox 482 2554 786 2595; x_wconf 88' lang='lat' dir='ltr'><strong>nominaverat</strong></span> <span class='ocrx_word' id='word_1_199' title='bbox 821 2553 996 2594; x_wconf 84' lang='lat' dir='ltr'><strong>Plinius.</strong></span> <span class='ocrx_word' id='word_1_200' title='bbox 1055 2552 1144 2592; x_wconf 88' lang='lat' dir='ltr'><strong>Iam</strong></span> <span class='ocrx_word' id='word_1_201' title='bbox 1178 2564 1285 2592; x_wconf 86' lang='lat' dir='ltr'><strong>vero</strong></span> <span class='ocrx_word' id='word_1_202' title='bbox 1319 2551 1404 2591; x_wconf 81' lang='lat' dir='ltr'><strong>duo</strong></span> <span class='ocrx_word' id='word_1_203' title='bbox 1436 2550 1600 2604; x_wconf 87' lang='lat' dir='ltr'><strong>oppida</strong></span> <span class='ocrx_word' id='word_1_204' title='bbox 1630 2562 1794 2603; x_wconf 81' lang='lat' dir='ltr'><strong>cogno-</strong></span> 
     </span>
     <span class='ocr_line' id='line_1_32' title="bbox 324 2614 1793 2683; baseline -0.003 -10"><span class='ocrx_word' id='word_1_205' title='bbox 324 2634 442 2673; x_wconf 87' lang='lat' dir='ltr'><strong>mina</strong></span> <span class='ocrx_word' id='word_1_206' title='bbox 472 2634 512 2673; x_wconf 92' lang='lat' dir='ltr'><strong>in</strong></span> <span class='ocrx_word' id='word_1_207' title='bbox 543 2631 700 2673; x_wconf 90' lang='lat' dir='ltr'><strong>eodem</strong></span> <span class='ocrx_word' id='word_1_208' title='bbox 734 2632 832 2673; x_wconf 88' lang='lat' dir='ltr'><strong>sinu</strong></span> <span class='ocrx_word' id='word_1_209' title='bbox 863 2631 1093 2673; x_wconf 87' lang='lat' dir='ltr'><strong>Ceramico</strong></span> <span class='ocrx_word' id='word_1_210' title='bbox 1123 2631 1209 2672; x_wconf 88' lang='lat' dir='ltr'><strong>sita</strong></span> <span class='ocrx_word' id='word_1_211' title='bbox 1240 2614 1344 2670; x_wconf 85' lang='lat' dir='ltr'><strong>esse</strong></span> <span class='ocrx_word' id='word_1_212' title='bbox 1374 2628 1470 2683; x_wconf 88' lang='lat' dir='ltr'><strong>quis</strong></span> <span class='ocrx_word' id='word_1_213' title='bbox 1500 2628 1581 2669; x_wconf 91' lang='lat' dir='ltr'><strong>sibi</strong></span> <span class='ocrx_word' id='word_1_214' title='bbox 1612 2641 1793 2682; x_wconf 87' lang='lat' dir='ltr'><strong>persua-</strong></span> 
     </span>
     <span class='ocr_line' id='line_1_33' title="bbox 325 2705 1794 2765; baseline -0.004 -13"><span class='ocrx_word' id='word_1_215' title='bbox 325 2712 417 2752; x_wconf 86' lang='lat' dir='ltr'><strong>deri</strong></span> <span class='ocrx_word' id='word_1_216' title='bbox 447 2711 661 2765; x_wconf 72' lang='lat' dir='ltr'><strong>patietur‘.²</strong></span> <span class='ocrx_word' id='word_1_217' title='bbox 724 2710 849 2751; x_wconf 85' lang='lat' dir='ltr'><strong>Prior</strong></span> <span class='ocrx_word' id='word_1_218' title='bbox 891 2710 1110 2751; x_wconf 81' lang='lat' dir='ltr'><strong>eiicienda</strong></span> <span class='ocrx_word' id='word_1_219' title='bbox 1147 2709 1245 2758; x_wconf 89' lang='lat' dir='ltr'><strong>erit,</strong></span> <span class='ocrx_word' id='word_1_220' title='bbox 1286 2707 1409 2748; x_wconf 85' lang='lat' dir='ltr'><strong>cuius</strong></span> <span class='ocrx_word' id='word_1_221' title='bbox 1438 2706 1604 2747; x_wconf 86' lang='lat' dir='ltr'><strong>Dorica</strong></span> <span class='ocrx_word' id='word_1_222' title='bbox 1651 2705 1794 2747; x_wconf 84' lang='lat' dir='ltr'><strong>forma</strong></span> 
     </span>
     <span class='ocr_line' id='line_1_34' title="bbox 325 2785 1795 2844; baseline -0.004 -13"><span class='ocrx_word' id='word_1_223' title='bbox 325 2803 455 2844; x_wconf 85' lang='lat' dir='ltr'><strong>quum</strong></span> <span class='ocrx_word' id='word_1_224' title='bbox 489 2790 528 2829; x_wconf 90' lang='lat' dir='ltr'><strong>in</strong></span> <span class='ocrx_word' id='word_1_225' title='bbox 560 2789 756 2843; x_wconf 79' lang='lat' dir='ltr'><strong>margine</strong></span> <span class='ocrx_word' id='word_1_226' title='bbox 788 2788 1017 2842; x_wconf 84' lang='lat' dir='ltr'><strong>archetypi</strong></span> <span class='ocrx_word' id='word_1_227' title='bbox 1044 2786 1270 2840; x_wconf 90' lang='lat' dir='ltr'><strong>adscripta</strong></span> <span class='ocrx_word' id='word_1_228' title='bbox 1302 2792 1437 2834; x_wconf 85' lang='lat' dir='ltr'><strong>esset,</strong></span> <span class='ocrx_word' id='word_1_229' title='bbox 1467 2785 1508 2826; x_wconf 92' lang='lat' dir='ltr'><strong>in</strong></span> <span class='ocrx_word' id='word_1_230' title='bbox 1529 2785 1669 2839; x_wconf 88' lang='lat' dir='ltr'><strong>ipsam</strong></span> <span class='ocrx_word' id='word_1_231' title='bbox 1689 2785 1795 2826; x_wconf 88' lang='lat' dir='ltr'><strong>scri·</strong></span> 
     </span>
    </p>
   </div>
  </div>
 </body>
</html>
