1914 3237
294 132 374 175 226
859 137 976 176 Liber
1003 140 1133 179 XXX
1142 139 1183 178 V.

182 297 204 308 a
841 268 927 315 121
969 282 1019 304 =
1059 269 1212 325 1135.

189 298 260 339 ⁴73
355 344 402 386 at
436 337 503 387 illi
552 339 814 389 draconem
856 368 907 376 -——
949 343 1192 408 depictum
1240 344 1607 394 circumdedere
1643 345 1754 396 luco

353 441 512 490 eoque
534 432 717 477 terrore
754 443 873 479 aves
909 435 1024 480 tunc
1045 430 1238 480 siluisse
1261 437 1478 481 narratur
1514 439 1561 482 et
1583 438 1755 498 postea

356 514 622 579 [cognitum
647 521 720 564 est
756 517 842 577 ita]
882 533 1031 583 posse
1068 520 1332 584 compesci.

397 601 480 643 Hic
519 616 686 658 quoque
732 604 1100 660 interpolationem
1148 608 1427 648 recentiorum
1475 607 1690 650 hominum
1730 623 1755 650 a

288 693 355 720 me
385 680 554 721 tolerari
601 683 790 736 potuisse
821 683 952 737 pudet
982 697 1049 725 me
1079 685 1364 740 poenitetque.
1423 684 1542 733 Quae
1571 686 1681 727 enim
1713 688 1754 728 in

288 757 502 799 codicibus
544 772 626 799 non
666 760 863 814 leguntur
900 761 1029 802 verba
1071 763 1300 817 ,cognitum
1334 770 1399 804 est
1428 764 1522 816 ita‘,
1561 764 1610 804 iis
1642 763 1755 805 sacil-

286 837 383 877 lime
417 850 560 877 carere
590 838 821 891 poterimus
851 852 953 880 voce
980 853 1098 890 posse
1128 840 1168 880 in
1196 845 1372 892 potuisse
1402 846 1578 882 mutata.

396 915 429 968 ἓ.
470 915 542 957 138
572 914 785 956 Brunnius
817 915 912 958 hist.
944 917 1053 958 artif.
1085 919 1136 958 ΙΙ.
1167 920 1219 961 53
1254 923 1494 972 Aslypalaea
1528 919 1753 974 probabili·

285 998 348 1034 ter
378 993 567 1035 coniecit.

175 1075 249 1094 *NJ
844 1053 929 1099 141
956 1054 1193 1109 =11‚40.

350 1135 640 1200 Eutychidis
679 1137 839 1201 bigam
878 1139 1004 1203 regit
1040 1139 1270 1190 Victoria.

393 1224 532 1272 Quum
565 1238 710 1267 omnes
748 1232 952 1282 quotquot
997 1234 1294 1269 enumerantur
1324 1228 1363 1269 h.
1395 1228 1421 1269 l.
1454 1228 1637 1282 pictores
1678 1242 1752 1269 no-

284 1303 486 1344 minativo
518 1305 807 1360 appellentur,
853 1305 1003 1346 mirum
1049 1319 1150 1346 sane
1183 1311 1268 1358 est,
1320 1306 1360 1346 in
1400 1319 1483 1346 uno
1514 1305 1751 1361 Eutychide

285 1386 537 1423 structuram
571 1383 834 1438 ineleganter
864 1383 924 1425 ita
955 1384 1120 1437 variari,
1152 1390 1197 1424 ut
1228 1397 1374 1424 currus
1403 1384 1471 1424 ille
1488 1383 1751 1440 Eutychidis,

286 1460 472 1502 Victoria
504 1462 567 1502 sui
596 1463 696 1503 iuris
728 1475 823 1502 esse
858 1462 1062 1503 videatur.
1094 1462 1234 1517 Atque
1258 1462 1564 1503 nominativum
1584 1468 1752 1517 praeter

283 1540 321 1579 lt
352 1548 393 1579 et
424 1539 545 1580 codd.
583 1540 754 1581 Barbari
786 1540 880 1581 libri
909 1540 1030 1582 MSS.
1064 1554 1211 1581 omnes
1243 1540 1465 1593 exhibent,
1497 1540 1677 1581 eundem
1709 1547 1750 1582 et

283 1617 322 1657 K
354 1618 467 1673 apud
498 1618 820 1673 Dalecampium
851 1623 892 1659 et
931 1622 1058 1660 lnam
1088 1619 1112 1659 i.
1145 1633 1180 1660 0.
1212 1618 1405 1660 homines
1436 1618 1607 1674 quidam
1637 1618 1749 1660 docti

284 1696 564 1737 defenderunt
604 1711 697 1738 cum
743 1702 815 1738 aut
852 1712 967 1748 quam
1004 1697 1242 1739 insererent
1273 1702 1344 1738 aut
1379 1701 1485 1748 reyae's
1526 1711 1613 1738 cum
1652 1700 1749 1739 l'ict.

284 1775 408 1815 scribi
442 1775 607 1816 vellent.
666 1775 828 1816 Neutra
859 1776 1102 1816 coniectura
1135 1789 1240 1830 opus
1273 1780 1382 1828 erat,
1416 1790 1467 1816 ne
1500 1789 1549 1816 ea
1581 1776 1748 1831 quidem

284 1854 389 1894 ratio
450 1867 575 1909 quam
619 1853 920 1908 Dalecampius
973 1853 1191 1908 probavit,
1250 1867 1332 1909 qua
1381 1859 1477 1909 post
1534 1868 1569 1894 v.
1622 1857 1748 1904 biqmn

284 1933 452 1986 gravius
484 1932 696 1983 distinxit,
742 1932 912 1986 linguae
944 1932 1038 1986 lege
1079 1932 1163 1972 ulla
1202 1933 1428 1987 flagitatur.
1486 1931 1600 1972 Nihil
1638 1932 1748 1972 enim

283 2011 446 2050 facilius
488 2015 553 2051 est
584 2024 709 2066 quam
747 2010 918 2052 verbani
958 2010 1222 2065 praegnanti,
1261 2024 1384 2065 quem
1424 2010 1590 2063 dieunt,
1623 2023 1749 2051 sensu

283 2102 363 2143 quo
394 2102 531 2140 reyere
561 2089 672 2130 idem
704 2090 757 2130 sit
788 2102 836 2129 ac
864 2093 950 2140 reqz‘
979 2102 1126 2129 curare
1159 2088 1438 2143 interpretari.
1471 2088 1747 2129 Scribendum

283 2173 346 2208 est
377 2168 522 2222 igitur:
559 2171 802 2221 Eutychides
830 2192 883 2197 —-
923 2170 1110 2208 Vicloria.

172 2255 251 2297 TTz')
810 2251 898 2297 142
936 2271 978 2289 z
1014 2245 1210 2296 ibidem.

348 2323 553 2374 Nealces
570 2355 631 2360 —-
655 2325 831 2375 sollers
866 2328 911 2374 in
951 2330 1074 2385 arte3
1111 2324 1353 2388 siquidem
1383 2339 1490 2373 cum
1512 2323 1748 2389 proelium

348 2413 519 2462 navale
557 2413 815 2464 Persarum
853 2421 900 2464 et
928 2414 1289 2479 Aegyptiorum
1326 2413 1578 2478 pinxisset,
1615 2413 1746 2477 quod

349 2503 390 2550 in
432 2501 536 2552 Nilo
575 2503 729 2568 [cuius
767 2509 841 2552 est
876 2519 1002 2568 aqua
1037 2503 1180 2551 maris
1225 2500 1410 2557 similis]
1448 2502 1624 2550 factum
1664 2516 1748 2550 vo-

350 2590 477 2639 lebat
514 2590 759 2656 intellegi,
808 2597 1095 2657 argumento
1142 2591 1411 2640 declaravit
1465 2591 1596 2654 quod
1646 2596 1746 2639 arte

349 2694 441 2726 non
483 2685 694 2744 poterat:
732 2680 935 2729 asellum
974 2680 1101 2729 enim
1124 2680 1368 2729 bibentem
1405 2680 1449 2728 in
1480 2678 1618 2729 litore
1643 2681 1746 2744 pin-

347 2768 413 2815 xit
451 2772 498 2816 et
536 2769 836 2818 crocodilum
876 2769 1183 2819 insidiantem
1222 2769 1279 2817 ei.
