1914 3237
748 167 864 204 Liber
893 165 1037 205 XXII.
1107 216 1118 221 x
1549 157 1623 200 121

161 310 236 337 suo
282 296 307 337 i.
339 310 375 337 e.
407 295 590 336 oratorie
639 294 698 335 ita
728 292 951 347 descripsit
976 296 1022 332 ut
1052 304 1077 331 a
1106 289 1338 331 minoribus
1383 288 1437 329 ad
1468 288 1629 329 maiora

163 374 374 429 gradatim
406 372 657 414 ascenderet
695 383 986 424 summamque
1018 368 1168 409 noxios
1207 366 1494 421 distinguendi
1526 364 1629 405 diffi-

162 453 361 494 cultatem
400 453 639 491 exornaret.
697 449 752 489 Et
780 447 852 488 illa
881 447 1061 502 primum
1106 445 1273 499 quidem
1305 445 1428 485 certis
1459 443 1629 498 quibus-

161 530 258 571 dam
304 528 415 569 notis
454 527 695 567 indicantur
739 539 847 580 quae
899 525 936 579 ξ.
983 524 1037 567 92
1083 523 1321 576 descriptae
1374 536 1399 562 a
1443 521 1631 562 convivis

160 618 390 661 eorumque
433 604 634 644 ministris
678 603 801 645 facile
839 601 1300 644 animadvertebantur.
1359 599 1451 640 Has
1496 599 1632 654 prima

159 683 290 725 verba
317 682 436 724 brevi
465 686 683 737 repetunt:

220 764 269 804 Ut
298 765 486 812 diximus,
517 764 584 801 illa
607 764 854 811 pernicialia
879 761 1088 811 probant
1117 760 1264 808 talia,

161 839 273 896 quod
303 852 325 879 e
355 837 478 880 codd.
519 838 758 893 corruptela
791 840 998 890 probandi
1031 839 1113 876 alia
1153 834 1268 875 nullo
1299 832 1471 889 negotio
1504 831 1632 873 effici-

163 922 242 959 tur.
280 920 392 958 Talia
421 917 448 958 i.
480 929 513 958 e.
547 920 673 957 notae
702 917 800 957 illae
824 915 1004 970 probant
1032 913 1099 955 vel
1137 912 1398 967 redarguunt
1428 910 1632 964 pernicia-

162 996 224 1036 les
255 995 370 1036 cibos
403 1008 460 1035 sc.
484 993 639 1034 dilutus
664 993 804 1046 rubor,
825 992 1022 1034 rancidus
1054 996 1253 1047 aspectus
1275 995 1317 1031 et
1347 989 1510 1030 similia.
1544 990 1633 1030 Iam

164 1074 217 1114 ad
240 1087 291 1114 ea
307 1072 574 1127 progreditur
597 1085 705 1127 quae
737 1071 886 1112 domus
915 1070 1104 1111 urbanae
1125 1069 1318 1111 dominos
1348 1068 1636 1123 familiamque

162 1150 402 1193 necessario
447 1150 599 1202 latent,
647 1163 698 1190 ea
729 1149 852 1204 signa
890 1148 982 1189 dico
1027 1162 1135 1203 quae
1171 1148 1298 1189 etiam
1331 1160 1356 1186 a
1384 1145 1635 1187 Dioscoride

163 1230 235 1271 IV.
265 1229 317 1272 83
347 1227 586 1268 indicantur
626 1227 690 1267 his
721 1227 883 1267 verbis:
943 1226 965 1282 ἢ
1003 1226 1085 1282 γὰρ
1130 1225 1248 1280 ἥλοις
1295 1227 1581 1278 κατιωμένοις
1616 1222 1636 1278 ἢ

166 1308 320 1364 ῥάκεσι
353 1305 668 1361 σεσηπόσιν...
697 1307 1029 1361 παραφύονται.
1062 1303 1259 1358 Sequitur
1287 1302 1393 1344 haec
1424 1316 1449 1343 a
1470 1303 1637 1343 rusticis

167 1386 266 1428 solis
305 1385 361 1426 ibi
401 1390 563 1425 tantum
603 1383 675 1424 ubi
714 1383 844 1424 boleti
882 1386 1169 1438 provenerunt
1207 1380 1467 1435 deprehendi
1497 1394 1637 1435 posse.

167 1464 287 1512 Quae
318 1463 450 1503 maior
488 1461 712 1502 difficultas
758 1461 1091 1516 interrogatione
1123 1460 1384 1514 exprimitur,
1416 1459 1534 1500 cuius
1575 1459 1637 1499 vis

167 1542 348 1596 abrupta
370 1541 560 1582 oratione
583 1546 788 1594 augetur:
820 1542 1123 1591 deprehendisse
1141 1543 1208 1590 qni
1236 1543 1313 1578 nisi
1342 1547 1517 1588 ayresles
1543 1550 1637 1588 pos-

164 1623 284 1660 sum?
328 1619 398 1674 qui
429 1619 648 1673 nisi-quae
684 1617 880 1658 viderunt
911 1622 1108 1658 accurate
1138 1617 1406 1668 nuntiarunt,
1452 1615 1637 1656 futurum

170 1704 233 1739 est
265 1702 310 1738 ut
340 1696 543 1738 convivae
574 1695 822 1735 nobilissimi
841 1695 995 1736 misere
1027 1695 1233 1736 occidant.
1292 1695 1481 1735 Tertium
1511 1694 1639 1749 idque

165 1776 397 1816 maximum
427 1778 578 1814 restat:
628 1773 837 1828 quaedam
869 1774 980 1814 enim
1010 1773 1112 1814 vitia
1144 1771 1191 1828 (ἢ
1226 1771 1422 1829 ἑρπετῶν
1452 1773 1640 1827 φωλεοῖς

166 1854 502 1909 παραφύονται,
534 1853 592 1893 ait
616 1851 905 1896 Dioscorides,
943 1856 1029 1891 tam
1058 1850 1278 1891 recondita
1308 1855 1406 1890 sunt
1437 1855 1482 1890 ut
1513 1850 1639 1890 etiam

167 1932 346 1972 rusticos
405 1931 499 1971 illos
542 1931 585 1970 in
643 1931 733 1984 ipso
781 1931 870 1970 solo
910 1929 1088 1984 fugiant.
1147 1930 1288 1983 Atque
1328 1928 1485 1968 Plinius
1540 1928 1640 1983 quid

167 2010 386 2064 scripsisse
417 2008 630 2063 putandus
661 2009 733 2061 sit,
778 2008 896 2049 vides
934 2033 973 2036 —-
1009 2008 1114 2059 iam,
1153 2021 1312 2062 quaeso
1344 2006 1518 2047 adverte
1549 2007 1638 2047 ani-

167 2102 280 2129 mum
312 2087 411 2142 quid
442 2087 667 2140 scripserit.
700 2086 870 2127 Scilicet
900 2085 1074 2126 verbum
1106 2085 1160 2126 ad
1190 2084 1302 2139 quod
1333 2088 1640 2136 deprehendisse

167 2167 425 2221 cogitatione
458 2165 697 2220 suppletur,
742 2164 784 2203 in
826 2164 977 2203 litteris
1007 2176 1054 2203 ne
1091 2167 1243 2214 quidem
1284 2163 1388 2203 latet
1433 2173 1636 2213 nequeunt.

167 2245 308 2299 Atque
355 2244 414 2284 ita
453 2243 617 2284 duabus
656 2242 805 2283 litteris
847 2246 888 2282 di
918 2242 961 2283 in
991 2251 1024 2295 l,
1062 2245 1283 2296 quattuor
1322 2245 1422 2281 idem
1469 2242 1510 2282 in
1548 2250 1639 2282 eunt

166 2321 339 2362 mutatis
370 2321 464 2361 talis
494 2321 612 2361 locus
641 2319 847 2374 prodibit:

227 2402 274 2440 Ut
304 2402 488 2449 diximus,
521 2402 587 2438 illa
628 2401 864 2449 pernicialia
891 2400 1067 2449 probant
1096 2402 1217 2446 lolia,
1263 2402 1297 2437 si
1334 2401 1528 2447 conflaris
1558 2401 1638 2437 cla-

223 2491 292 2518 vus
322 2501 368 2506 -—
405 2479 640 2525 concoquit:
679 2459 986 2527 deprehendisse
1011 2499 1067 2505 —
1097 2480 1315 2526 colliqimt?
1359 2479 1444 2526 Ipsi
1472 2479 1554 2516 alia
1585 2480 1638 2516 vi-

221 2560 276 2596 tia
306 2562 520 2605 nequeunt:
558 2558 592 2594 si
620 2558 814 2605 serpentis
844 2553 916 2593 rel.

296 2637 357 2683 97
404 2649 432 2665 ν
481 2635 639 2689 ’33,47.
694 2632 783 2692 (de
821 2632 1076 2681 arboribus
1111 2633 1288 2696 noxios
1324 2632 1506 2696 fungos
1667 2656 1749 2699 483

717 2708 1064 2773 gignentibus)

230 2812 327 2847 non
363 2799 479 2847 item
513 2797 652 2862 fag0‚
690 2797 890 2855 robore,
929 2811 1187 2862 cupresso,
1226 2803 1277 2847 ut
1314 2798 1537 2848 diximus
