1914 3237
736 147 854 186 Liber
892 145 1119 186 XXXVII.
1604 140 1685 184 243

329 278 461 320 Recte
511 277 612 319 mihi
657 277 823 319 videtur
865 276 1070 331 Bergkius
1124 277 1313 318 exercitt.
1360 275 1465 318 Plin.
1499 275 1530 316 Ι.
1563 289 1601 330 p.
1634 274 1687 317 32

218 355 374 397 codicis
405 355 432 396 d
460 356 686 398 lectionem
726 359 857 397 sucini
887 363 998 395 tanta
1043 355 1317 409 praetulisse,
1363 353 1464 395 illud
1503 354 1631 394 miror
1662 366 1687 393 a

218 433 306 474 viro
341 434 617 488 sagacissimo
650 433 995 489 praetermissum
1027 445 1121 473 esse
1153 431 1264 486 quod
1291 431 1383 472 luce
1401 432 1553 472 clarius
1569 434 1689 486 patet

217 512 504 566 importunum
536 512 784 553 correctoris
815 511 1040 566 glossema.
1086 509 1193 550 Nam
1226 509 1336 565 quod
1367 510 1437 550 vix
1466 508 1687 551 ferendum

218 593 332 630 esset
360 589 432 630 illa
463 590 632 645 quidem
665 593 803 630 aetate
835 588 1184 640 additamentum,
1232 587 1273 628 id
1304 587 1382 629 hoc
1413 589 1527 640 loco,
1573 590 1687 642 post-

218 680 344 722 quam
389 667 546 710 111.21
592 667 842 722 Hispaniam
887 666 1066 707 Iberiam
1115 680 1140 707 a
1170 666 1343 707 Graecis
1390 666 1544 706 dictam
1593 677 1688 705 esse

218 745 392 786 tradidit
423 759 603 801 cumque
634 744 730 786 XX.
763 745 844 787 254
873 745 1055 785 Iberiam
1100 745 1341 785 nominasse
1388 745 1490 785 satis
1527 743 1687 796 habuit,

218 822 412 878 legentes
453 823 607 865 docere
647 823 807 864 Plinius
852 836 934 863 non
968 823 1122 877 potuit,
1169 822 1340 863 eosdem
1388 822 1688 878 grammaticus

218 901 287 942 ille
317 915 402 942 non
432 902 576 958 inepte
605 902 780 943 monuit.

752 994 814 1042 33
851 1006 899 1026 Ξ
938 990 1134 1040 ibidem.
1716 987 1797 1031 823

285 1079 468 1130 Chares
508 1109 562 1115 ——
603 1079 962 1130 Phaethontem
1008 1079 1053 1127 in
1094 1078 1356 1143 Aethiopia
1404 1076 1688 1127 Hammonis

285 1167 469 1217 obiisse
489 1168 684 1227 (dixit).

329 1254 599 1296 Manifestam
617 1260 714 1310 post
744 1255 988 1310 genetivum
1019 1254 1299 1307 ,Hammonis‘
1330 1254 1523 1295 lacunam
1544 1266 1688 1294 nemo-

220 1332 320 1374 dum
367 1333 688 1385 animadvertit,
729 1346 866 1388 neque
904 1333 1015 1374 enim
1054 1337 1143 1373 tota
1175 1332 1401 1387 Aethiopia
1440 1332 1514 1373 sed
1546 1331 1690 1373 Meroe

219 1416 385 1452 tantum
416 1411 555 1452 insula
586 1425 611 1452 a
640 1412 796 1466 templo
821 1411 1085 1464 Hammonis,
1118 1410 1169 1451 de
1201 1424 1281 1465 quo
1313 1424 1446 1466 nuper
1466 1410 1691 1452 Partheius

224 1489 264 1529 in
306 1490 411 1530 actis
454 1489 573 1531 acad.
604 1489 745 1530 Berol.
777 1489 884 1532 1862
913 1504 952 1544 p.
984 1491 1062 1532 155
1096 1490 1200 1544 egit,
1236 1489 1310 1543 (cf.
1342 1489 1449 1530 Plin.
1481 1489 1551 1529 VI.
1586 1488 1689 1543 186)

218 1567 425 1623 appellari
455 1568 604 1623 potuit.
663 1567 783 1615 Quae
814 1567 1024 1623 quomodo
1056 1566 1267 1623 explenda
1298 1580 1391 1608 esse
1412 1566 1617 1619 videatur,
1648 1572 1690 1608 et

218 1659 265 1687 re
295 1646 390 1701 ipsa
420 1650 462 1688 et
493 1645 651 1688 codicis
681 1645 716 1686 B
749 1646 955 1701 scriptura
977 1649 1220 1687 Hamonesso
1239 1646 1452 1699 docemur,
1483 1660 1538 1686 sc.
1566 1648 1688 1686 Ham-

216 1728 341 1766 mom's
370 1728 558 1766 insula.

778 1814 941 1856 Ibidem
971 1815 1099 1857 —-40.
1606 1813 1799 1861 824-30

283 1891 540 1943 Philemon
579 1922 638 1929 -—
676 1894 723 1942 in
761 1892 964 1958 Scythia
1001 1894 1104 1942 erui
1141 1893 1334 1943 duobus
1371 1891 1519 1951 loeis,
1575 1908 1689 1942 can-

282 1981 450 2031 didum
486 1986 632 2046 atque
670 1983 800 2032 cerei
854 1981 1033 2032 eoloris
1071 1982 1205 2046 quod
1252 1987 1511 2030 vocaretur
1558 1981 1687 2030 elec-

288 2074 440 2128 trum,
493 2071 541 2119 in
578 2070 672 2119 alio
708 2069 894 2119 fulvum
933 2070 1063 2134 quod
1103 2069 1432 2135 appellaretur
1466 2069 1689 2119 sualiter-

284 2158 461 2208 nicum.

327 2247 595 2287 Graecumue
625 2245 703 2286 hoc
734 2245 987 2287 vocabulum
1017 2246 1110 2287 est?
1143 2259 1196 2286 an
1225 2245 1306 2286 alio
1339 2258 1388 2286 ac
1419 2243 1582 2286 Graeco
1614 2259 1687 2286 no-

216 2324 328 2365 mine
359 2324 548 2366 Graecus
580 2324 757 2379 scriptor
786 2325 846 2365 uti
876 2324 1090 2379 putandus
1122 2324 1212 2365 est?
1243 2323 1430 2364 Minime.
1475 2324 1533 2364 At
1562 2324 1688 2365 modo

214 2401 317 2444 fulvi
334 2403 485 2444 coloris
497 2402 752 2456 memineris,
770 2401 894 2444 facile
911 2403 1099 2444 invenies
1121 2402 1279 2444 dictum
1293 2415 1386 2443 esse
1403 2404 1429 2442 h
1440 2418 1467 2455 y
1477 2417 1501 2443 a
1511 2407 1525 2443 l
1535 2416 1555 2443 ο
1564 2417 1591 2454 p
1604 2418 1630 2456 y
1641 2418 1662 2443 ν
1674 2427 1688 2434 -

216 2485 264 2522 rz'
274 2484 422 2522 chum.
454 2480 566 2529 Quid
596 2480 708 2536 quod
739 2481 781 2522 in
804 2481 839 2521 B
857 2481 1031 2523 litteras
1059 2480 1217 2522 lineola
1246 2486 1488 2522 transversa
1500 2484 1684 2537 expungi

216 2559 394 2602 videtur.
427 2560 465 2614 ἕ.
482 2560 534 2603 35
558 2560 709 2600 mirum
725 2559 828 2600 illud
841 2560 1101 2601 aestuarium
1118 2545 1216 2601 mec
1224 2573 1435 2613 ynomen
1449 2573 1505 2600 on
1526 2559 1688 2602 Graece

217 2651 242 2678 a
272 2638 439 2694 Pythea
468 2637 626 2679 dictum
656 2637 788 2679 fuisse
819 2638 997 2680 videtur.
1038 2638 1076 2693 ἓ.
1107 2638 1161 2682 36
1189 2638 1347 2679 rectius
1376 2639 1690 2695 interpungitur

215 2721 456 2767 relinquere,
504 2720 642 2757 oceani
673 2719 813 2757 deinde
845 2720 1036 2764 aestibus,
1081 2725 1116 2757 et
1145 2721 1243 2758 ante
1282 2731 1317 2759 v.
1351 2722 1491 2758 vocari
1529 2731 1622 2758 cum
1653 2717 1688 2758 B

214 2794 494 2836 omittendum
526 2799 603 2847 est,
635 2795 742 2849 §.39
760 2794 909 2836 eodem
943 2800 1114 2837 auctore
1145 2799 1236 2837 inde
1249 2801 1376 2846 fluere
1406 2796 1686 2840 scribendum.

1393 2875 1480 2919 16*
