<?xml version="1.0" encoding="UTF-8"?>
<!DOCTYPE html PUBLIC "-//W3C//DTD XHTML 1.0 Transitional//EN"
    "http://www.w3.org/TR/xhtml1/DTD/xhtml1-transitional.dtd">
<html xmlns="http://www.w3.org/1999/xhtml" xml:lang="en" lang="en">
 <head>
  <title>
</title>
<meta http-equiv="Content-Type" content="text/html;charset=utf-8" />
  <meta name='ocr-system' content='tesseract 3.04.00' />
  <meta name='ocr-capabilities' content='ocr_page ocr_carea ocr_par ocr_line ocrx_word'/>
</head>
<body>
  <div class='ocr_page' id='page_1' title='image "./vindiciaeplinian00urliuoft_0393.png"; bbox 0 0 1914 3237; ppageno 0'>
   <div class='ocr_carea' id='block_1_1' title="bbox 754 146 1665 189">
    <p class='ocr_par' dir='ltr' id='par_1_1' title="bbox 754 146 1665 189">
     <span class='ocr_line' id='line_1_1' title="bbox 754 146 1665 189; baseline 0.005 -6"><span class='ocrx_word' id='word_1_1' title='bbox 754 146 871 184; x_wconf 84' lang='lat' dir='ltr'>Liber</span> <span class='ocrx_word' id='word_1_2' title='bbox 898 148 1059 187; x_wconf 86' lang='lat' dir='ltr'><em>XXXI.</em></span> <span class='ocrx_word' id='word_1_3' title='bbox 1586 147 1665 189; x_wconf 80' lang='grc'>193</span> 
     </span>
    </p>
   </div>
   <div class='ocr_carea' id='block_1_2' title="bbox 193 300 1772 1011">
    <p class='ocr_par' dir='ltr' id='par_1_2' title="bbox 255 300 1772 712">
     <span class='ocr_line' id='line_1_2' title="bbox 776 300 1772 355; baseline 0.008 -10"><span class='ocrx_word' id='word_1_4' title='bbox 776 300 837 346; x_wconf 84' lang='grc'>32</span> <span class='ocrx_word' id='word_1_5' title='bbox 861 318 902 335; x_wconf 87' lang='lat'><strong><em>=</em></strong></span> <span class='ocrx_word' id='word_1_6' title='bbox 925 301 1051 353; x_wconf 63' lang='lat'>321.</span> <span class='ocrx_word' id='word_1_7' title='bbox 1696 311 1772 355; x_wconf 83' lang='lat'>691</span> 
     </span>
     <span class='ocr_line' id='line_1_3' title="bbox 272 382 1666 449; baseline 0 -15"><span class='ocrx_word' id='word_1_8' title='bbox 272 400 365 434; x_wconf 90' lang='lat' dir='ltr'>nec</span> <span class='ocrx_word' id='word_1_9' title='bbox 399 383 612 434; x_wconf 82' lang='lat' dir='ltr'>levitatis</span> <span class='ocrx_word' id='word_1_10' title='bbox 662 384 709 432; x_wconf 90' lang='lat' dir='ltr'>in</span> <span class='ocrx_word' id='word_1_11' title='bbox 746 382 911 448; x_wconf 83' lang='lat' dir='ltr'>pluvia</span> <span class='ocrx_word' id='word_1_12' title='bbox 954 400 1079 449; x_wconf 85' lang='lat' dir='ltr'>aqua</span> <span class='ocrx_word' id='word_1_13' title='bbox 1127 390 1464 449; x_wconf 77' lang='lat' dir='ltr'>argumentum</span> <span class='ocrx_word' id='word_1_14' title='bbox 1495 391 1666 435; x_wconf 84' lang='lat' dir='ltr'>est...</span> 
     </span>
     <span class='ocr_line' id='line_1_4' title="bbox 274 470 1669 538; baseline 0.001 -17"><span class='ocrx_word' id='word_1_15' title='bbox 274 487 370 536; x_wconf 91' lang='lat' dir='ltr'>quo</span> <span class='ocrx_word' id='word_1_16' title='bbox 410 471 455 519; x_wconf 80' lang='lat' dir='ltr'>iit</span> <span class='ocrx_word' id='word_1_17' title='bbox 497 477 544 520; x_wconf 84' lang='lat' dir='ltr'>ut</span> <span class='ocrx_word' id='word_1_18' title='bbox 597 486 752 535; x_wconf 82' lang='lat' dir='ltr'>aquae</span> <span class='ocrx_word' id='word_1_19' title='bbox 790 470 985 536; x_wconf 75' lang='lat' dir='ltr'>pluviae</span> <span class='ocrx_word' id='word_1_20' title='bbox 1029 473 1242 521; x_wconf 88' lang='lat' dir='ltr'>sordium</span> <span class='ocrx_word' id='word_1_21' title='bbox 1289 472 1543 538; x_wconf 78' lang='lat' dir='ltr'>p&#39;lurimuin</span> <span class='ocrx_word' id='word_1_22' title='bbox 1597 475 1669 523; x_wconf 91' lang='lat' dir='ltr'>in-</span> 
     </span>
     <span class='ocr_line' id='line_1_5' title="bbox 272 560 1666 626; baseline 0.001 -17"><span class='ocrx_word' id='word_1_23' title='bbox 272 575 384 609; x_wconf 89' lang='lat' dir='ltr'>esse</span> <span class='ocrx_word' id='word_1_24' title='bbox 434 560 668 609; x_wconf 77' lang='lat' dir='ltr'>sentiatur</span> <span class='ocrx_word' id='word_1_25' title='bbox 726 560 1054 624; x_wconf 70' lang='lat' dir='ltr'>citissimeque</span> <span class='ocrx_word' id='word_1_26' title='bbox 1110 561 1222 610; x_wconf 89' lang='lat' dir='ltr'>ideo</span> <span class='ocrx_word' id='word_1_27' title='bbox 1280 560 1469 610; x_wconf 84' lang='lat' dir='ltr'>calefiat</span> <span class='ocrx_word' id='word_1_28' title='bbox 1526 566 1666 626; x_wconf 77' lang='lat' dir='ltr'>{aqua</span> 
     </span>
     <span class='ocr_line' id='line_1_6' title="bbox 255 646 452 712; baseline 0 -16"><span class='ocrx_word' id='word_1_29' title='bbox 255 646 452 712; x_wconf 58' lang='lat' dir='ltr'>pluviat</span> 
     </span>
    </p>

    <p class='ocr_par' dir='ltr' id='par_1_3' title="bbox 193 734 1668 1011">
     <span class='ocr_line' id='line_1_7' title="bbox 309 734 1668 779; baseline 0.003 -4"><span class='ocrx_word' id='word_1_30' title='bbox 309 735 532 776; x_wconf 84' lang='lat' dir='ltr'>Brevitatis</span> <span class='ocrx_word' id='word_1_31' title='bbox 578 734 912 776; x_wconf 81' lang='lat' dir='ltr'>studiosissimus</span> <span class='ocrx_word' id='word_1_32' title='bbox 942 735 1103 775; x_wconf 87' lang='lat' dir='ltr'>Plinius</span> <span class='ocrx_word' id='word_1_33' title='bbox 1156 735 1303 776; x_wconf 80' lang='lat' dir='ltr'>eadem</span> <span class='ocrx_word' id='word_1_34' title='bbox 1352 737 1557 779; x_wconf 75' lang='lat' dir='ltr'>vocabula</span> <span class='ocrx_word' id='word_1_35' title='bbox 1605 744 1668 779; x_wconf 84' lang='lat' dir='ltr'>ter</span> 
     </span>
     <span class='ocr_line' id='line_1_8' title="bbox 195 814 1666 868; baseline 0.003 -15"><span class='ocrx_word' id='word_1_36' title='bbox 195 818 387 868; x_wconf 86' lang='lat' dir='ltr'>repetere</span> <span class='ocrx_word' id='word_1_37' title='bbox 419 827 502 854; x_wconf 91' lang='lat' dir='ltr'>non</span> <span class='ocrx_word' id='word_1_38' title='bbox 542 814 699 868; x_wconf 85' lang='lat' dir='ltr'>potuit,</span> <span class='ocrx_word' id='word_1_39' title='bbox 749 814 892 867; x_wconf 85' lang='lat' dir='ltr'>itaque</span> <span class='ocrx_word' id='word_1_40' title='bbox 923 826 1031 867; x_wconf 84' lang='lat' dir='ltr'>quae</span> <span class='ocrx_word' id='word_1_41' title='bbox 1068 814 1191 853; x_wconf 79' lang='lat' dir='ltr'>facile</span> <span class='ocrx_word' id='word_1_42' title='bbox 1223 827 1245 853; x_wconf 86' lang='lat' dir='ltr'>e</span> <span class='ocrx_word' id='word_1_43' title='bbox 1276 816 1476 868; x_wconf 80' lang='lat' dir='ltr'>proximis</span> <span class='ocrx_word' id='word_1_44' title='bbox 1514 817 1666 857; x_wconf 86' lang='lat' dir='ltr'>intelli·</span> 
     </span>
     <span class='ocr_line' id='line_1_9' title="bbox 194 890 1665 946; baseline 0.001 -14"><span class='ocrx_word' id='word_1_45' title='bbox 194 897 349 946; x_wconf 85' lang='lat' dir='ltr'>guntur</span> <span class='ocrx_word' id='word_1_46' title='bbox 385 896 601 946; x_wconf 84' lang='lat' dir='ltr'>postrema</span> <span class='ocrx_word' id='word_1_47' title='bbox 642 891 848 932; x_wconf 80' lang='lat' dir='ltr'>vocabula</span> <span class='ocrx_word' id='word_1_48' title='bbox 879 904 903 931; x_wconf 83' lang='lat' dir='ltr'>a</span> <span class='ocrx_word' id='word_1_49' title='bbox 940 891 1109 931; x_wconf 82' lang='lat' dir='ltr'>librario</span> <span class='ocrx_word' id='word_1_50' title='bbox 1156 903 1238 930; x_wconf 91' lang='lat' dir='ltr'>non</span> <span class='ocrx_word' id='word_1_51' title='bbox 1286 890 1480 944; x_wconf 81' lang='lat' dir='ltr'>imperito</span> <span class='ocrx_word' id='word_1_52' title='bbox 1520 893 1665 934; x_wconf 81' lang='lat' dir='ltr'>addita</span> 
     </span>
     <span class='ocr_line' id='line_1_10' title="bbox 193 968 528 1011; baseline 0 -1"><span class='ocrx_word' id='word_1_53' title='bbox 193 982 288 1010; x_wconf 86' lang='lat' dir='ltr'>esse</span> <span class='ocrx_word' id='word_1_54' title='bbox 320 968 528 1011; x_wconf 86' lang='lat' dir='ltr'>videntur.</span> 
     </span>
    </p>
   </div>
   <div class='ocr_carea' id='block_1_3' title="bbox 257 1081 1772 1323">
    <p class='ocr_par' dir='ltr' id='par_1_4' title="bbox 257 1081 1772 1323">
     <span class='ocr_line' id='line_1_11' title="bbox 786 1081 1772 1137; baseline 0.005 -10"><span class='ocrx_word' id='word_1_55' title='bbox 786 1081 846 1128; x_wconf 77' lang='lat'>44</span> <span class='ocrx_word' id='word_1_56' title='bbox 871 1095 924 1114; x_wconf 86' lang='lat'>=</span> <span class='ocrx_word' id='word_1_57' title='bbox 949 1083 1073 1137; x_wconf 49' lang='lat'>32?</span> <span class='ocrx_word' id='word_1_58' title='bbox 1690 1089 1772 1135; x_wconf 72' lang='lat'>692</span> 
     </span>
     <span class='ocr_line' id='line_1_12' title="bbox 257 1167 1663 1232; baseline 0.004 -16"><span class='ocrx_word' id='word_1_59' title='bbox 257 1167 511 1232; x_wconf 84' lang='lat' dir='ltr'>Aquarum</span> <span class='ocrx_word' id='word_1_60' title='bbox 563 1173 675 1216; x_wconf 90' lang='lat' dir='ltr'>sunt</span> <span class='ocrx_word' id='word_1_61' title='bbox 719 1172 863 1216; x_wconf 87' lang='lat' dir='ltr'>notae</span> <span class='ocrx_word' id='word_1_62' title='bbox 916 1168 1089 1216; x_wconf 88' lang='lat' dir='ltr'>iuncus</span> <span class='ocrx_word' id='word_1_63' title='bbox 1125 1173 1204 1215; x_wconf 83' lang='lat' dir='ltr'>aut</span> <span class='ocrx_word' id='word_1_64' title='bbox 1246 1167 1468 1221; x_wconf 76' lang='lat' dir='ltr'>harundo</span> <span class='ocrx_word' id='word_1_65' title='bbox 1505 1210 1514 1219; x_wconf 93' lang='lat'><strong><em>.</em></strong></span> <span class='ocrx_word' id='word_1_66' title='bbox 1556 1211 1564 1220; x_wconf 90' lang='lat'>.</span> <span class='ocrx_word' id='word_1_67' title='bbox 1605 1211 1613 1220; x_wconf 91' lang='lat'><em>.</em></span> <span class='ocrx_word' id='word_1_68' title='bbox 1652 1210 1663 1221; x_wconf 90' lang='lat'><strong>.</strong></span> 
     </span>
     <span class='ocr_line' id='line_1_13' title="bbox 259 1254 1661 1323; baseline 0.003 -18"><span class='ocrx_word' id='word_1_69' title='bbox 259 1254 393 1306; x_wconf 84' lang='lat' dir='ltr'>Salix</span> <span class='ocrx_word' id='word_1_70' title='bbox 433 1256 560 1305; x_wconf 80' lang='lat' dir='ltr'>enini</span> <span class='ocrx_word' id='word_1_71' title='bbox 597 1255 800 1305; x_wconf 79' lang='lat' dir='ltr'>erratica</span> <span class='ocrx_word' id='word_1_72' title='bbox 850 1260 897 1303; x_wconf 92' lang='lat' dir='ltr'>et</span> <span class='ocrx_word' id='word_1_73' title='bbox 939 1255 1079 1304; x_wconf 78' lang='lat' dir='ltr'>alnus</span> <span class='ocrx_word' id='word_1_74' title='bbox 1133 1263 1213 1305; x_wconf 85' lang='lat' dir='ltr'>aut</span> <span class='ocrx_word' id='word_1_75' title='bbox 1255 1258 1385 1308; x_wconf 74' lang='lat' dir='ltr'>vitex</span> <span class='ocrx_word' id='word_1_76' title='bbox 1442 1265 1539 1323; x_wconf 81' lang='lat' dir='ltr'>[aut</span> <span class='ocrx_word' id='word_1_77' title='bbox 1576 1260 1661 1309; x_wconf 84' lang='lat' dir='ltr'>ha-</span> 
     </span>
    </p>
   </div>
   <div class='ocr_carea' id='block_1_4' title="bbox 190 1343 1660 1726">
    <p class='ocr_par' dir='ltr' id='par_1_5' title="bbox 190 1343 1660 1726">
     <span class='ocr_line' id='line_1_14' title="bbox 257 1343 1612 1410; baseline 0.004 -18"><span class='ocrx_word' id='word_1_78' title='bbox 257 1343 430 1399; x_wconf 77' lang='lat' dir='ltr'>rundo]</span> <span class='ocrx_word' id='word_1_79' title='bbox 461 1383 472 1395; x_wconf 83' lang='grc'><strong>.</strong></span> <span class='ocrx_word' id='word_1_80' title='bbox 511 1383 521 1393; x_wconf 90' lang='grc'><strong><em>.</em></strong></span> <span class='ocrx_word' id='word_1_81' title='bbox 560 1349 736 1409; x_wconf 86' lang='lat' dir='ltr'>sponte</span> <span class='ocrx_word' id='word_1_82' title='bbox 774 1345 1066 1409; x_wconf 81' lang='lat' dir='ltr'>proveniunt</span> <span class='ocrx_word' id='word_1_83' title='bbox 1105 1386 1113 1394; x_wconf 93' lang='lat'><strong>.</strong></span> <span class='ocrx_word' id='word_1_84' title='bbox 1152 1384 1159 1393; x_wconf 93' lang='lat'>.</span> <span class='ocrx_word' id='word_1_85' title='bbox 1198 1348 1401 1410; x_wconf 81' lang='lat' dir='ltr'>augurio</span> <span class='ocrx_word' id='word_1_86' title='bbox 1438 1347 1612 1398; x_wconf 83' lang='lat' dir='ltr'>fallaci.</span> 
     </span>
     <span class='ocr_line' id='line_1_15' title="bbox 299 1432 1659 1489; baseline 0.004 -17"><span class='ocrx_word' id='word_1_87' title='bbox 299 1433 414 1473; x_wconf 80' lang='lat' dir='ltr'><strong>Inter</strong></span> <span class='ocrx_word' id='word_1_88' title='bbox 459 1438 573 1474; x_wconf 86' lang='lat' dir='ltr'>certa</span> <span class='ocrx_word' id='word_1_89' title='bbox 610 1446 746 1487; x_wconf 82' lang='lat' dir='ltr'>aquae</span> <span class='ocrx_word' id='word_1_90' title='bbox 789 1432 910 1486; x_wconf 82' lang='lat' dir='ltr'>signa</span> <span class='ocrx_word' id='word_1_91' title='bbox 951 1442 992 1473; x_wconf 86' lang='lat' dir='ltr'>et</span> <span class='ocrx_word' id='word_1_92' title='bbox 1032 1432 1221 1485; x_wconf 80' lang='lat' dir='ltr'>fallacia,</span> <span class='ocrx_word' id='word_1_93' title='bbox 1273 1448 1381 1489; x_wconf 85' lang='lat' dir='ltr'>quae</span> <span class='ocrx_word' id='word_1_94' title='bbox 1414 1449 1437 1477; x_wconf 86' lang='lat' dir='ltr'>a</span> <span class='ocrx_word' id='word_1_95' title='bbox 1468 1437 1659 1479; x_wconf 79' lang='lat' dir='ltr'>Vitruvio</span> 
     </span>
     <span class='ocr_line' id='line_1_16' title="bbox 192 1509 1660 1570; baseline 0.005 -21"><span class='ocrx_word' id='word_1_96' title='bbox 192 1509 306 1550; x_wconf 90' lang='lat' dir='ltr'><strong>VIII.</strong></span> <span class='ocrx_word' id='word_1_97' title='bbox 340 1512 377 1552; x_wconf 86' lang='lat'>1.</span> <span class='ocrx_word' id='word_1_98' title='bbox 408 1511 433 1553; x_wconf 80' lang='lat'><strong>3</strong></span> <span class='ocrx_word' id='word_1_99' title='bbox 464 1511 751 1563; x_wconf 84' lang='lat' dir='ltr'>cumulantur,</span> <span class='ocrx_word' id='word_1_100' title='bbox 790 1511 948 1551; x_wconf 83' lang='lat' dir='ltr'>Plinius</span> <span class='ocrx_word' id='word_1_101' title='bbox 980 1510 1125 1551; x_wconf 88' lang='lat' dir='ltr'>sedulo</span> <span class='ocrx_word' id='word_1_102' title='bbox 1164 1512 1375 1566; x_wconf 76' lang='lat' dir='ltr'>distinxit,</span> <span class='ocrx_word' id='word_1_103' title='bbox 1407 1515 1548 1570; x_wconf 81' lang='lat' dir='ltr'>itaque</span> <span class='ocrx_word' id='word_1_104' title='bbox 1583 1516 1660 1557; x_wconf 85' lang='lat' dir='ltr'>ha-</span> 
     </span>
     <span class='ocr_line' id='line_1_17' title="bbox 190 1587 1660 1648; baseline 0.004 -20"><span class='ocrx_word' id='word_1_105' title='bbox 190 1587 413 1629; x_wconf 85' lang='lat' dir='ltr'>rundinem</span> <span class='ocrx_word' id='word_1_106' title='bbox 445 1588 507 1629; x_wconf 88' lang='lat' dir='ltr'>bis</span> <span class='ocrx_word' id='word_1_107' title='bbox 553 1600 887 1629; x_wconf 81' lang='lat' dir='ltr'>commemorare</span> <span class='ocrx_word' id='word_1_108' title='bbox 918 1601 1002 1628; x_wconf 90' lang='lat' dir='ltr'>non</span> <span class='ocrx_word' id='word_1_109' title='bbox 1041 1590 1188 1642; x_wconf 82' lang='lat' dir='ltr'>potuit.</span> <span class='ocrx_word' id='word_1_110' title='bbox 1248 1590 1366 1638; x_wconf 81' lang='lat' dir='ltr'>Quae</span> <span class='ocrx_word' id='word_1_111' title='bbox 1397 1592 1524 1647; x_wconf 85' lang='lat' dir='ltr'>igitur</span> <span class='ocrx_word' id='word_1_112' title='bbox 1565 1602 1660 1648; x_wconf 87' lang='lat' dir='ltr'>post</span> 
     </span>
     <span class='ocr_line' id='line_1_18' title="bbox 190 1666 1659 1726; baseline 0.004 -19"><span class='ocrx_word' id='word_1_113' title='bbox 190 1681 224 1707; x_wconf 85' lang='lat' dir='ltr'>v.</span> <span class='ocrx_word' id='word_1_114' title='bbox 256 1671 363 1707; x_wconf 68' lang='lat' dir='ltr'>vitea:</span> <span class='ocrx_word' id='word_1_115' title='bbox 393 1667 502 1708; x_wconf 89' lang='lat' dir='ltr'>male</span> <span class='ocrx_word' id='word_1_116' title='bbox 524 1671 772 1722; x_wconf 88' lang='lat' dir='ltr'>repetuntur</span> <span class='ocrx_word' id='word_1_117' title='bbox 794 1666 924 1707; x_wconf 84' lang='lat' dir='ltr'>verba</span> <span class='ocrx_word' id='word_1_118' title='bbox 947 1674 1016 1706; x_wconf 62' lang='lat' dir='ltr'>(tut</span> <span class='ocrx_word' id='word_1_119' title='bbox 1032 1669 1219 1708; x_wconf 63' lang='lat' dir='ltr'>harundo</span> <span class='ocrx_word' id='word_1_120' title='bbox 1239 1668 1459 1711; x_wconf 83' lang='lat' dir='ltr'>deleantur</span> <span class='ocrx_word' id='word_1_121' title='bbox 1480 1677 1659 1726; x_wconf 82' lang='lat' dir='ltr'>oportet.</span> 
     </span>
    </p>
   </div>
   <div class='ocr_carea' id='block_1_5' title="bbox 252 1775 1770 2186">
    <p class='ocr_par' dir='ltr' id='par_1_6' title="bbox 252 1775 1770 2186">
     <span class='ocr_line' id='line_1_19' title="bbox 749 1775 1770 1826; baseline 0.003 -1"><span class='ocrx_word' id='word_1_122' title='bbox 749 1780 809 1825; x_wconf 77' lang='lat'>46</span> <span class='ocrx_word' id='word_1_123' title='bbox 831 1792 882 1812; x_wconf 89' lang='lat'>=</span> <span class='ocrx_word' id='word_1_124' title='bbox 901 1776 1097 1826; x_wconf 82' lang='lat' dir='ltr'>ibidem.</span> <span class='ocrx_word' id='word_1_125' title='bbox 1688 1775 1770 1820; x_wconf 81' lang='lat'>693</span> 
     </span>
     <span class='ocr_line' id='line_1_20' title="bbox 255 1863 1660 1930; baseline 0.005 -18"><span class='ocrx_word' id='word_1_126' title='bbox 255 1863 365 1914; x_wconf 85' lang='lat' dir='ltr'>loco</span> <span class='ocrx_word' id='word_1_127' title='bbox 401 1864 448 1913; x_wconf 91' lang='lat' dir='ltr'>in</span> <span class='ocrx_word' id='word_1_128' title='bbox 486 1864 789 1913; x_wconf 80' lang='lat' dir='ltr'>altitudinem</span> <span class='ocrx_word' id='word_1_129' title='bbox 826 1865 1007 1930; x_wconf 88' lang='lat' dir='ltr'>pedum</span> <span class='ocrx_word' id='word_1_130' title='bbox 1037 1865 1250 1930; x_wconf 89' lang='lat' dir='ltr'>quinque</span> <span class='ocrx_word' id='word_1_131' title='bbox 1287 1868 1487 1919; x_wconf 81' lang='lat' dir='ltr'>defosso</span> <span class='ocrx_word' id='word_1_132' title='bbox 1526 1869 1660 1919; x_wconf 88' lang='lat' dir='ltr'>ollis—</span> 
     </span>
     <span class='ocr_line' id='line_1_21' title="bbox 256 1951 1659 2023; baseline 0.004 -22"><span class='ocrx_word' id='word_1_133' title='bbox 256 1968 351 2016; x_wconf 88' lang='lat' dir='ltr'>que</span> <span class='ocrx_word' id='word_1_134' title='bbox 389 1968 414 2001; x_wconf 84' lang='lat' dir='ltr'>e</span> <span class='ocrx_word' id='word_1_135' title='bbox 452 1951 620 2016; x_wconf 74' lang='lat' dir='ltr'>figlino</span> <span class='ocrx_word' id='word_1_136' title='bbox 680 1967 829 2017; x_wconf 85' lang='lat' dir='ltr'>opere</span> <span class='ocrx_word' id='word_1_137' title='bbox 883 1953 1046 2002; x_wconf 87' lang='lat' dir='ltr'>crudis</span> <span class='ocrx_word' id='word_1_138' title='bbox 1105 1960 1182 2003; x_wconf 88' lang='lat' dir='ltr'>aut</span> <span class='ocrx_word' id='word_1_139' title='bbox 1239 1963 1473 2020; x_wconf 83' lang='lat' dir='ltr'>peruncta</span> <span class='ocrx_word' id='word_1_140' title='bbox 1530 1958 1659 2023; x_wconf 83' lang='lat' dir='ltr'>pelvi</span> 
     </span>
     <span class='ocr_line' id='line_1_22' title="bbox 252 2022 1657 2105; baseline 0.004 -16"><span class='ocrx_word' id='word_1_141' title='bbox 252 2022 397 2089; x_wconf 52' lang='lat' dir='ltr'>aerea</span> <span class='ocrx_word' id='word_1_142' title='bbox 432 2045 666 2105; x_wconf 85' lang='lat' dir='ltr'>cooperto</span> <span class='ocrx_word' id='word_1_143' title='bbox 722 2040 1019 2105; x_wconf 76' lang='lat' dir='ltr'>lucernaque</span> <span class='ocrx_word' id='word_1_144' title='bbox 1069 2043 1272 2092; x_wconf 80' lang='lat' dir='ltr'>ardente</span> <span class='ocrx_word' id='word_1_145' title='bbox 1320 2052 1657 2096; x_wconf 85' lang='lat' dir='ltr'>concamarata</span> 
     </span>
     <span class='ocr_line' id='line_1_23' title="bbox 256 2128 995 2186; baseline 0.001 -10"><span class='ocrx_word' id='word_1_146' title='bbox 256 2128 536 2186; x_wconf 79' lang='lat' dir='ltr'>frondibUS,</span> <span class='ocrx_word' id='word_1_147' title='bbox 577 2128 688 2177; x_wconf 90' lang='lat' dir='ltr'>dein</span> <span class='ocrx_word' id='word_1_148' title='bbox 726 2133 853 2177; x_wconf 86' lang='lat' dir='ltr'>terra</span> <span class='ocrx_word' id='word_1_149' title='bbox 890 2168 899 2178; x_wconf 84' lang='lat'><strong>.</strong></span> <span class='ocrx_word' id='word_1_150' title='bbox 937 2169 949 2181; x_wconf 78' lang='lat'><strong>.</strong></span> <span class='ocrx_word' id='word_1_151' title='bbox 988 2170 995 2177; x_wconf 94' lang='lat'><strong>.</strong></span> 
     </span>
    </p>
   </div>
   <div class='ocr_carea' id='block_1_6' title="bbox 184 2226 1657 2900">
    <p class='ocr_par' dir='ltr' id='par_1_7' title="bbox 184 2226 1657 2834">
     <span class='ocr_line' id='line_1_24' title="bbox 297 2226 1654 2285; baseline 0.006 -18"><span class='ocrx_word' id='word_1_152' title='bbox 297 2226 427 2280; x_wconf 84' lang='lat' dir='ltr'>Ollas,</span> <span class='ocrx_word' id='word_1_153' title='bbox 458 2227 627 2282; x_wconf 84' lang='lat' dir='ltr'>pelvim,</span> <span class='ocrx_word' id='word_1_154' title='bbox 657 2228 871 2268; x_wconf 82' lang='lat' dir='ltr'>lucernam</span> <span class='ocrx_word' id='word_1_155' title='bbox 890 2229 933 2268; x_wconf 90' lang='lat' dir='ltr'>in</span> <span class='ocrx_word' id='word_1_156' title='bbox 956 2228 1105 2269; x_wconf 89' lang='lat' dir='ltr'>eodem</span> <span class='ocrx_word' id='word_1_157' title='bbox 1120 2230 1212 2271; x_wconf 85' lang='lat' dir='ltr'>loco</span> <span class='ocrx_word' id='word_1_158' title='bbox 1244 2231 1380 2285; x_wconf 80' lang='lat' dir='ltr'>condi,</span> <span class='ocrx_word' id='word_1_159' title='bbox 1413 2238 1501 2274; x_wconf 85' lang='lat' dir='ltr'>tum</span> <span class='ocrx_word' id='word_1_160' title='bbox 1518 2233 1654 2275; x_wconf 86' lang='lat' dir='ltr'>locum</span> 
     </span>
     <span class='ocr_line' id='line_1_25' title="bbox 187 2304 1657 2366; baseline 0.007 -22"><span class='ocrx_word' id='word_1_161' title='bbox 187 2305 324 2360; x_wconf 86' lang='lat' dir='ltr'>ipsum</span> <span class='ocrx_word' id='word_1_162' title='bbox 354 2304 574 2346; x_wconf 84' lang='lat' dir='ltr'>frondibus</span> <span class='ocrx_word' id='word_1_163' title='bbox 605 2319 655 2346; x_wconf 86' lang='lat' dir='ltr'>ac</span> <span class='ocrx_word' id='word_1_164' title='bbox 686 2310 798 2346; x_wconf 84' lang='lat' dir='ltr'>terra</span> <span class='ocrx_word' id='word_1_165' title='bbox 829 2307 980 2360; x_wconf 82' lang='lat' dir='ltr'>operiri</span> <span class='ocrx_word' id='word_1_166' title='bbox 1023 2311 1064 2347; x_wconf 91' lang='lat' dir='ltr'>et</span> <span class='ocrx_word' id='word_1_167' title='bbox 1093 2308 1256 2348; x_wconf 84' lang='lat' dir='ltr'>ratione</span> <span class='ocrx_word' id='word_1_168' title='bbox 1288 2309 1583 2366; x_wconf 83' lang='lat' dir='ltr'>descriptionis</span> <span class='ocrx_word' id='word_1_169' title='bbox 1616 2319 1657 2354; x_wconf 85' lang='lat' dir='ltr'>et</span> 
     </span>
     <span class='ocr_line' id='line_1_26' title="bbox 190 2381 1656 2444; baseline 0.006 -22"><span class='ocrx_word' id='word_1_170' title='bbox 190 2381 371 2423; x_wconf 85' lang='lat' dir='ltr'>Vitruvii</span> <span class='ocrx_word' id='word_1_171' title='bbox 400 2383 492 2424; x_wconf 89' lang='lat' dir='ltr'>loco</span> <span class='ocrx_word' id='word_1_172' title='bbox 524 2382 640 2423; x_wconf 90' lang='lat' dir='ltr'><strong>VIII.</strong></span> <span class='ocrx_word' id='word_1_173' title='bbox 674 2387 709 2425; x_wconf 86' lang='lat' dir='ltr'>l.</span> <span class='ocrx_word' id='word_1_174' title='bbox 741 2384 768 2425; x_wconf 74' lang='lat'>4</span> <span class='ocrx_word' id='word_1_175' title='bbox 799 2383 989 2425; x_wconf 86' lang='lat' dir='ltr'>efficitur.</span> <span class='ocrx_word' id='word_1_176' title='bbox 1030 2384 1139 2426; x_wconf 87' lang='lat' dir='ltr'>Nam</span> <span class='ocrx_word' id='word_1_177' title='bbox 1171 2386 1342 2441; x_wconf 80' lang='lat' dir='ltr'>scaphio</span> <span class='ocrx_word' id='word_1_178' title='bbox 1372 2393 1443 2428; x_wconf 85' lang='lat' dir='ltr'>aut</span> <span class='ocrx_word' id='word_1_179' title='bbox 1474 2390 1586 2444; x_wconf 80' lang='lat' dir='ltr'>pelvi</span> <span class='ocrx_word' id='word_1_180' title='bbox 1615 2391 1656 2431; x_wconf 88' lang='lat' dir='ltr'>in</span> 
     </span>
     <span class='ocr_line' id='line_1_27' title="bbox 187 2460 1657 2519; baseline 0.005 -18"><span class='ocrx_word' id='word_1_181' title='bbox 187 2461 279 2501; x_wconf 87' lang='lat' dir='ltr'>loeo</span> <span class='ocrx_word' id='word_1_182' title='bbox 312 2460 481 2502; x_wconf 88' lang='lat' dir='ltr'>defosso</span> <span class='ocrx_word' id='word_1_183' title='bbox 504 2461 720 2502; x_wconf 83' lang='lat' dir='ltr'>collocatis</span> <span class='ocrx_word' id='word_1_184' title='bbox 754 2464 945 2513; x_wconf 78' lang='lat' dir='ltr'>‚summa‘</span> <span class='ocrx_word' id='word_1_185' title='bbox 976 2462 1048 2514; x_wconf 86' lang='lat' dir='ltr'>ait,</span> <span class='ocrx_word' id='word_1_186' title='bbox 1068 2462 1234 2505; x_wconf 84' lang='lat' dir='ltr'>fossura</span> <span class='ocrx_word' id='word_1_187' title='bbox 1254 2466 1469 2519; x_wconf 85' lang='lat' dir='ltr'>operiatur</span> <span class='ocrx_word' id='word_1_188' title='bbox 1498 2467 1657 2510; x_wconf 85' lang='lat' dir='ltr'>harun-</span> 
     </span>
     <span class='ocr_line' id='line_1_28' title="bbox 186 2539 1654 2600; baseline 0.006 -21"><span class='ocrx_word' id='word_1_189' title='bbox 186 2539 353 2580; x_wconf 89' lang='lat' dir='ltr'>dinibus</span> <span class='ocrx_word' id='word_1_190' title='bbox 385 2544 458 2581; x_wconf 85' lang='lat' dir='ltr'>aut</span> <span class='ocrx_word' id='word_1_191' title='bbox 486 2539 649 2592; x_wconf 81' lang='lat' dir='ltr'>fronde,</span> <span class='ocrx_word' id='word_1_192' title='bbox 681 2553 809 2594; x_wconf 84' lang='lat' dir='ltr'>supra</span> <span class='ocrx_word' id='word_1_193' title='bbox 839 2549 951 2581; x_wconf 85' lang='lat' dir='ltr'>terra</span> <span class='ocrx_word' id='word_1_194' title='bbox 983 2540 1211 2583; x_wconf 82' lang='lat' dir='ltr'>obruatur‘.</span> <span class='ocrx_word' id='word_1_195' title='bbox 1245 2542 1382 2590; x_wconf 81' lang='lat' dir='ltr'>Quum</span> <span class='ocrx_word' id='word_1_196' title='bbox 1415 2544 1544 2600; x_wconf 83' lang='lat' dir='ltr'>igitur</span> <span class='ocrx_word' id='word_1_197' title='bbox 1572 2561 1654 2588; x_wconf 88' lang='lat' dir='ltr'>non</span> 
     </span>
     <span class='ocr_line' id='line_1_29' title="bbox 185 2617 1654 2676; baseline 0.005 -19"><span class='ocrx_word' id='word_1_198' title='bbox 185 2617 276 2657; x_wconf 87' lang='lat' dir='ltr'>loco</span> <span class='ocrx_word' id='word_1_199' title='bbox 296 2622 495 2672; x_wconf 83' lang='lat' dir='ltr'>cooperto</span> <span class='ocrx_word' id='word_1_200' title='bbox 515 2617 687 2658; x_wconf 80' lang='lat' dir='ltr'>lucerna</span> <span class='ocrx_word' id='word_1_201' title='bbox 703 2617 920 2658; x_wconf 85' lang='lat' dir='ltr'>frondibus</span> <span class='ocrx_word' id='word_1_202' title='bbox 945 2621 1233 2661; x_wconf 83' lang='lat' dir='ltr'>concamarari</span> <span class='ocrx_word' id='word_1_203' title='bbox 1263 2622 1452 2676; x_wconf 82' lang='lat' dir='ltr'>putanda</span> <span class='ocrx_word' id='word_1_204' title='bbox 1471 2624 1525 2664; x_wconf 82' lang='lat' dir='ltr'>sit</span> <span class='ocrx_word' id='word_1_205' title='bbox 1542 2624 1654 2665; x_wconf 86' lang='lat' dir='ltr'>fron-</span> 
     </span>
     <span class='ocr_line' id='line_1_30' title="bbox 187 2694 1654 2750; baseline 0.005 -15"><span class='ocrx_word' id='word_1_206' title='bbox 187 2694 323 2748; x_wconf 82' lang='lat' dir='ltr'>dibus,</span> <span class='ocrx_word' id='word_1_207' title='bbox 354 2695 429 2736; x_wconf 87' lang='lat' dir='ltr'>sed</span> <span class='ocrx_word' id='word_1_208' title='bbox 459 2696 598 2736; x_wconf 75' lang='lat' dir='ltr'>locum</span> <span class='ocrx_word' id='word_1_209' title='bbox 621 2696 727 2748; x_wconf 88' lang='lat' dir='ltr'>ollis,</span> <span class='ocrx_word' id='word_1_210' title='bbox 760 2695 883 2750; x_wconf 83' lang='lat' dir='ltr'>pelvi,</span> <span class='ocrx_word' id='word_1_211' title='bbox 915 2696 1088 2738; x_wconf 83' lang='lat' dir='ltr'>lucerna</span> <span class='ocrx_word' id='word_1_212' title='bbox 1106 2701 1413 2741; x_wconf 82' lang='lat' dir='ltr'>concamaratis</span> <span class='ocrx_word' id='word_1_213' title='bbox 1434 2701 1654 2742; x_wconf 83' lang='lat' dir='ltr'>frondibus</span> 
     </span>
     <span class='ocr_line' id='line_1_31' title="bbox 184 2774 1653 2834; baseline 0.005 -20"><span class='ocrx_word' id='word_1_214' title='bbox 184 2774 390 2828; x_wconf 82' lang='lat' dir='ltr'>cooperiri</span> <span class='ocrx_word' id='word_1_215' title='bbox 420 2779 643 2829; x_wconf 37' lang='lat' dir='ltr'>apparea&amp;</span> <span class='ocrx_word' id='word_1_216' title='bbox 686 2776 860 2815; x_wconf 87' lang='lat' dir='ltr'>verbum</span> <span class='ocrx_word' id='word_1_217' title='bbox 891 2785 1079 2827; x_wconf 74' lang='lat' dir='ltr'>cooperto</span> <span class='ocrx_word' id='word_1_218' title='bbox 1119 2777 1161 2818; x_wconf 88' lang='lat' dir='ltr'>in</span> <span class='ocrx_word' id='word_1_219' title='bbox 1191 2778 1420 2834; x_wconf 75' lang='lat' dir='ltr'>archetypo</span> <span class='ocrx_word' id='word_1_220' title='bbox 1453 2780 1504 2820; x_wconf 84' lang='lat' dir='ltr'>ab</span> <span class='ocrx_word' id='word_1_221' title='bbox 1535 2780 1653 2821; x_wconf 89' lang='lat' dir='ltr'>initio</span> 
     </span>
    </p>

    <p class='ocr_par' dir='ltr' id='par_1_8' title="bbox 1315 2858 1367 2900">
     <span class='ocr_line' id='line_1_32' title="bbox 1315 2858 1367 2900; baseline 0.019 -1"><span class='ocrx_word' id='word_1_222' title='bbox 1315 2858 1367 2900; x_wconf 81' lang='lat'>13</span> 
     </span>
    </p>
   </div>
  </div>
 </body>
</html>
