1914 3237
771 191 884 229 Liber
918 190 1003 227 XX
1004 191 1022 227 Ι
1026 219 1034 226 .
1171 228 1175 230 ,
1560 181 1640 223 113

281 320 317 373 ξ,
350 319 429 362 156
467 331 559 358 cum
599 317 664 357 V2
705 319 855 365 olfactu
894 315 1162 356 scribendum
1203 319 1267 355 est
1309 317 1502 367 (olfaclus
1533 314 1571 354 R
1601 312 1639 365 d,

171 400 320 444 olfacto
350 395 460 447 V1),
500 395 653 435 ibidem
695 396 992 434 anhelatoribus
1022 406 1116 432 cum
1147 393 1364 445 Pintiauo3
1406 393 1457 433 cf.
1497 392 1639 432 Diosc.

171 476 241 516 ΙΙΙ.
261 474 325 517 38.
358 473 392 526 ξ.
415 472 495 515 166
525 485 608 512 non
640 484 685 512 eo
717 471 828 526 quod
859 470 996 511 fateor
1025 484 1092 510 1110
1121 484 1204 510 non
1228 470 1463 524 intelligere
1494 469 1568 510 sed
1601 474 1639 510 in

169 551 429 605 scripserim,
478 554 520 590 et
559 548 773 590 Gronovio
813 553 984 590 auctore
1033 551 1223 598 quiddam
1263 560 1285 587 e
1323 547 1538 588 codicibus
1577 561 1641 587 re-

168 629 290 683 cipio.

709 706 1079 762 179=31‚105.
1669 740 1750 782 470

230 794 621 844 Innocentissiini
657 797 884 842 auctores
920 791 1206 856 simpliciter
1246 789 1515 853 dorycnion
1555 803 1640 852 ap-

234 881 484 948 pellavere
515 899 600 942 —;
646 897 742 946 quo
779 881 972 945 parcius
1006 878 1382 935 insectabantur,
1419 876 1641 926 manicon

234 971 675 1035 cognominavere3
696 969 776 1032 qui
800 969 1025 1032 nequiter
1045 964 1368 1023 occultabant,
1391 964 1638 1029 erythron.

277 1058 463 1098 Primum
504 1071 596 1097 cum
628 1056 816 1097 Bai-baro
849 1061 917 1106 qui
947 1056 1064 1110 lego,
1104 1068 1197 1094 cun]
1238 1053 1380 1093 nescio
1421 1067 1494 1093 cur
1525 1052 1638 1093 codi-

166 1149 259 1176 cum
290 1135 517 1175 lectionem
544 1139 731 1186 parcius,
770 1134 835 1174 cui
868 1133 1106 1174 Gronovius
1149 1132 1363 1186 egregiam
1399 1131 1511 1171 verbi
1545 1144 1637 1185 pro-

164 1213 267 1253 ximi
298 1212 640 1253 emendationem
672 1215 968 1252 insectabantur
999 1209 1354 1262 accommodavit,
1388 1210 1427 1250 S.
1459 1209 1490 1249 I.
1523 1222 1637 1263 spre-

167 1291 313 1331 verint.
372 1290 427 1331 Et
459 1291 546 1331 Sill.
574 1290 744 1345 quidem
775 1289 1068 1345 gradationem
1110 1302 1217 1343 quae
1248 1288 1373 1328 Plinii
1406 1287 1543 1328 verbis
1577 1288 1637 1327 in-

165 1373 242 1420 est,
273 1369 444 1409 omnino
462 1383 546 1410 non
578 1367 910 1424 comprehendit,
943 1367 1054 1422 quod
1075 1373 1217 1408 autem
1248 1366 1376 1406 Ianus
1397 1370 1519 1407 acute
1541 1379 1637 1406 con-

163 1447 262 1487 iecit
278 1452 453 1498 apertius
464 1447 660 1502 quodque
672 1447 911 1501 corruptela
923 1446 1183 1501 pronominis
1205 1459 1282 1496 quo
1302 1444 1635 1496 commendatur,

163 1524 262 1565 ferri
281 1525 450 1580 quidem
473 1530 612 1580 potest
635 1525 712 1569 sed
738 1530 802 1565 est
831 1524 1033 1565 librorum
1051 1524 1170 1565 MSS.
1194 1524 1401 1578 scriptura
1421 1523 1635 1577 aliquanto

166 1603 359 1644 debilius.
422 1605 676 1644 Innocentes
709 1608 902 1643 auctores
936 1603 1180 1657 strychnum
1212 1602 1457 1656 simpliciter
1488 1600 1636 1655 doryc-

165 1682 266 1722 nion
296 1682 321 1722 i.
364 1695 400 1722 e.
441 1695 650 1722 venenum
690 1681 859 1736 aliquod
899 1682 1135 1736 appellant,
1175 1681 1318 1735 itaque
1357 1679 1458 1720 nihil
1501 1679 1636 1720 occul-

167 1764 277 1811 tant;
309 1760 379 1814 qui
411 1759 610 1814 erythron
640 1764 844 1800 vocarunt
873 1762 1013 1799 omnia
1042 1760 1205 1812 celant,
1238 1759 1305 1813 qui
1338 1758 1533 1799 manicon
1565 1772 1634 1799 no-

165 1838 342 1890 minant,
373 1838 635 1878 insectantur
654 1837 823 1892 quidem
843 1838 925 1878 vim
949 1839 1114 1890 veneni,
1148 1838 1222 1878 sed
1242 1852 1324 1877 non
1347 1837 1448 1878 satis
1469 1836 1634 1888 acerbe,

165 1929 293 1970 quum
323 1915 530 1956 insaniam
561 1916 787 1968 fateantur,
818 1923 996 1956 mortem
1027 1916 1191 1957 sileant.

278 1994 362 2035 Sed
392 1993 495 2034 haec
526 1994 689 2034 minora
719 1998 829 2046 sunt,
863 1995 1031 2048 gravius
1052 2000 1249 2049 corrupta
1279 1999 1351 2034 aut
1381 1993 1635 2048 interpolata

165 2085 273 2127 quae
314 2072 504 2127 proxime
544 2077 796 2127 sequuntur:
847 2072 997 2125 §.180
1039 2072 1191 2113 medici
1232 2073 1524 2126 vituperantur
1564 2071 1633 2125 qui

165 2163 292 2205 quum
324 2150 499 2191 alterum
529 2150 713 2205 strychni
745 2164 880 2204 genus
912 2150 1215 2202 halicacabum,
1247 2165 1328 2205 quo
1369 2149 1517 2189 dentes
1549 2149 1632 2190 col-

165 2229 392 2281 luerentur,
425 2229 785 2281 commendarent,

699 2321 1079 2376 180=31‚105.
1470 2302 1477 2305 ⁷*
1661 2343 1735 2386 471

231 2400 846 2470 exceptionem‘addidere
883 2422 944 2455 ne
983 2407 1162 2456 diutius
1198 2407 1244 2455 id
1272 2408 1420 2465 fieret,
1457 2406 1632 2456 delira-

230 2495 410 2545 tionem
450 2494 578 2543 enim
633 2495 772 2560 gigni
807 2495 1005 2555 eodem3
1054 2497 1370 2544 monstranda
1416 2496 1631 2545 remedia

231 2598 436 2648 quorum
470 2583 713 2632 medicina
765 2584 960 2633 maioris
996 2583 1106 2632 mali
1144 2584 1411 2648 periculum
1448 2586 1628 2634 afferat.

245 2672 310 2713 Ita
342 2672 428 2713 Sill.
454 2685 476 2712 e
507 2671 542 2711 Τ
561 2671 607 2724 d,
638 2671 839 2712 facillima
859 2672 1090 2712 mutatione
1122 2686 1143 2712 e
1163 2672 1284 2713 codd.
1304 2673 1391 2712 RV
1425 2673 1493 2728 qui
1514 2677 1629 2713 eode-

163 2753 421 2791 monstranda
451 2749 610 2790 habent
638 2750 711 2790 fiet
740 2750 808 2790 via
838 2750 890 2790 ab
922 2750 1026 2791 lano
1059 2756 1312 2791 monstrata:

217 2853 269 2857 —
299 2833 410 2879 qiynz'
439 2842 502 2882 eo,
534 2831 869 2869 demonstrando
897 2832 1072 2870 remedia
1103 2835 1182 2871 etc.

1323 2909 1349 2950 8
