1914 3237
200 722 282 767 358

200 2158 280 2203 359

319 160 373 204 58
882 168 1002 212 liber
1031 170 1195 213 XVIII.

318 296 450 337 totum
481 299 688 348 mutatur,
730 310 823 338 cum
862 297 1144 355 frequentiore
1183 303 1416 347 masculino
1455 312 1772 360 commutemus,

314 384 443 414 causa
473 377 555 414 est:

367 477 416 482 ——
448 456 488 494 in
515 457 654 504 iuqera
684 460 816 497 modia
847 461 963 502 bina:
995 473 1122 500 semen
1153 463 1366 501 cavendum
1396 474 1443 501 ne
1474 464 1670 503 adm-atur
1699 462 1772 504 rel.

312 530 348 583 §-
382 531 459 573 155
503 545 588 573 non
619 537 749 576 tritico
783 535 857 576 sed
898 540 936 576 in
975 542 1105 579 tritico
1145 538 1229 593 legi
1268 539 1431 591 malim,
1471 538 1522 581 cf.
1563 538 1772 596 Theophr.

312 607 425 651 VIII.
457 609 495 650 8.
527 610 551 652 3
586 608 634 653 ἐν
664 617 756 662 ταῖς
786 618 959 668 κριθαῖς
989 616 1061 656 rel.

855 709 945 754 159
982 724 1042 748 z
1087 710 1235 764 17‚45.

380 788 682 838 Democritus
738 807 856 840 suco
912 791 1092 843 herbae
1148 810 1272 858 quae
1322 801 1524 844 vocatur
1569 797 1772 855 aizoum,

376 878 419 925 in
460 876 640 940 tegulis
678 894 887 928 nascens
929 880 1190 940 tubulisve‚
1241 881 1409 931 Latine
1447 899 1563 933 vero
1601 884 1772 934 sedum

377 970 458 1013 aut
495 965 781 1030 digitellum,
819 969 1058 1018 medicata
1084 970 1180 1020 seri
1222 971 1356 1020 iubet
1382 971 1542 1020 omnia
1572 972 1772 1021 semina.

418 1052 576 1095 Vocem
608 1058 799 1097 tabulisve
828 1057 1184 1124 bene-emendare
1215 1072 1443 1115 aggressus
1475 1064 1539 1100 est
1569 1060 1652 1101 Sill.
1693 1059 1773 1109 Qui

939 1127 951 1147 Ι

307 1172 329 1199 e
356 1157 548 1199 codicum
579 1159 787 1214 scriptura
817 1163 961 1201 labidis
991 1174 1125 1201 uestem
1146 1163 1194 1214 D,
1227 1165 1370 1202 tabule's
1400 1175 1534 1202 aesum
1567 1165 1604 1204 Θ
1635 1176 1673 1214 a,
1704 1175 1773 1203 ca-

308 1239 421 1276 ballis
462 1250 568 1277 esum
607 1236 641 1278 T
675 1237 722 1290 d,
767 1239 937 1293 egregie
975 1238 1143 1280 refinxit
1181 1242 1230 1279 ab
1270 1243 1380 1292 aliiS,
1419 1240 1485 1280 cui
1525 1253 1550 1280 a
1581 1239 1774 1281 Strackio

308 1319 350 1355 et
391 1315 493 1356 Iano
539 1329 560 1355 e
594 1316 730 1371 prima
767 1316 907 1359 littera
946 1316 1098 1371 copula
1136 1325 1172 1357 el
1212 1316 1399 1370 additur,
1444 1330 1598 1358 nomen
1636 1317 1773 1372 ipsum

307 1392 820 1449 emendandumjreliquit.
854 1394 977 1442 Quod
1009 1407 1032 1435 e
1055 1393 1192 1436 XXV.
1221 1394 1301 1438 160
1317 1398 1561 1448 Ieypoyeson,
1592 1400 1774 1446 quoniam

308 1475 346 1511 in
373 1475 634 1521 suqqrundiis
661 1476 748 1521 fere
776 1476 966 1523 nascitur,
998 1472 1216 1527 suppletur
1227 1476 1550 1525 hypoqaeson.-
1571 1477 1775 1524 diqitillum

308 1553 422 1591 recte
453 1549 505 1591 ab
535 1549 639 1591 Iano
675 1549 881 1592 scribitur.

416 1628 452 1682 ξ.
487 1628 564 1671 162
605 1628 771 1669 codices
809 1641 893 1668 non
924 1632 1268 1680 qzce'nqzcccyesim0,
1308 1628 1420 1678 quod
1451 1634 1565 1670 recte
1606 1629 1648 1670 in
1678 1628 1773 1670 edd.

306 1705 482 1761 legitur,
530 1705 690 1747 habent
721 1706 798 1747 sed
827 1710 964 1757 quinto
995 1709 1165 1759 decimo,
1216 1705 1368 1747 deinde
1406 1706 1534 1747 iidem
1571 1720 1656 1748 non
1685 1720 1774 1748 cen-

307 1788 441 1825 tesimo
472 1783 548 1825 sed
577 1787 784 1825 centesimo
809 1788 1150 1835 quinquaqesimo.
1181 1785 1372 1838 Apparet
1402 1785 1528 1838 igitur
1555 1785 1598 1825 in
1628 1784 1773 1825 arche·

307 1867 408 1916 typo
439 1866 573 1913 quinto
615 1866 766 1902 decimo
797 1863 838 1902 in
868 1863 1059 1917 margine
1091 1866 1324 1904 correctum
1363 1861 1546 1917 indeque
1585 1877 1622 1903 v.
1663 1866 1774 1913 quin-

307 1944 536 1990 quayese‘mo
569 1940 610 1980 in
644 1940 828 1981 alienum
859 1940 997 1981 locum
1028 1945 1244 1994 receptum
1276 1953 1384 1980 esse.

417 2018 454 2071 ξ.
494 2017 566 2060 169
597 2018 738 2059 nescio
771 2031 844 2058 cur
874 2031 955 2058 non
988 2031 1082 2058 cum
1113 2017 1234 2059 codd.
1266 2032 1291 2059 a
1320 2018 1356 2058 T
1384 2018 1572 2073 legatur:
1618 2021 1694 2059 hoc
1718 2023 1776 2067 sil.

864 2123 954 2169 172
986 2135 1040 2154 =
1081 2121 1234 2178 18‚48.

375 2206 478 2258 Non
521 2210 705 2274 pridem
756 2210 1006 2258 inventum
1043 2208 1088 2256 in
1126 2207 1296 2256 Raetia
1333 2206 1516 2256 Galliae
1570 2213 1618 2255 ut
1656 2207 1777 2256 duas

377 2296 615 2346 adderent
662 2298 739 2346 tali
776 2295 984 2353 rotulae,
1041 2295 1173 2359 quod
1211 2310 1370 2359 genus
1429 2301 1605 2344 vocant
1643 2293 1776 2359 plau-

380 2385 563 2434 morati.

424 2472 582 2514 Vocem
632 2473 775 2514 nescio
823 2484 948 2528 quam
994 2470 1215 2512 Baeticam
1267 2484 1291 2512 a
1335 2470 1471 2512 Plinio
1517 2469 1658 2511 afferri
1689 2468 1775 2510 Sill.

313 2551 500 2604 putavit,
547 2551 637 2592 Iani
678 2563 899 2591 assensum
949 2553 1110 2591 nactus,
1170 2548 1327 2589 Verum
1367 2548 1410 2588 in
1450 2561 1501 2589 ea
1541 2559 1649 2603 quae
1681 2546 1721 2586 h.
1753 2547 1778 2586 1.

314 2634 667 2670 commemoratur
698 2628 851 2669 Raetia
878 2628 904 2668 i.
929 2640 963 2669 e.
994 2628 1036 2668 in
1066 2640 1168 2681 agro
1192 2626 1427 2667 Veronensi
1462 2625 1537 2676 (cf.
1563 2624 1637 2665 III.
1677 2624 1775 2678 130)

315 2706 436 2746 Plinii
487 2712 626 2747 aetate
669 2706 817 2747 Latine
863 2718 1010 2746 omnes
1051 2704 1353 2759 loquebantur,
1414 2703 1607 2743 Latinum
1654 2702 1779 2756 igitur

316 2797 466 2825 nomen
513 2784 798 2837 quaerendum
853 2788 928 2824 est.
986 2782 1109 2831 Quod
1168 2781 1219 2823 ab
1279 2781 1404 2821 aratri
1463 2781 1650 2836 plaustro
1710 2780 1778 2821 du-
