1914 3237
273 181 328 232 20
878 186 992 226 Liber
1020 185 1136 224 ΧΠ.

340 319 512 384 giosus
549 318 588 367 si
624 317 818 381 quando
854 316 1217 381 aniplitudiiwni
1258 315 1449 365 biennio
1490 315 1738 364 extendis-

338 412 426 466 set,
464 405 594 470 quod
621 410 835 454 notatum
857 406 982 469 apud
1012 404 1328 454 Chaeroniam
1352 403 1559 453 infausto
1583 403 1738 451 Athe-

341 494 578 544 niensium
612 499 659 542 et
698 509 871 558 sacpe;
909 492 1120 542 Lebaida
1146 498 1345 541 vocatur
1380 490 1609 540 influente
1648 490 1738 540 Ce-

340 582 498 648 phiso,

381 670 484 712 Inde
518 683 542 710 a
572 669 720 723 §.168
751 667 804 708 ad
837 667 1163 708 Orchomeniam
1186 665 1463 706 harundinem
1495 680 1619 721 quam
1650 667 1731 707 iam

275 749 310 802 ξ.
339 748 411 791 162
433 750 783 789 commemorarat
810 743 1176 798 Theophrastique
1197 742 1522 797 descriptionem
1543 744 1602 783 ita
1616 743 1738 796 redit,

272 831 318 867 ut
349 826 470 867 simul
503 838 599 865 eum
631 823 699 878 qui
731 835 807 862 sua
834 828 973 862 aetate
1003 821 1238 861 invaluerat
1259 834 1382 861 usum
1400 820 1596 874 attingat.
1628 819 1738 861 Hinc

273 908 508 958 temporum
539 902 720 943 varietas
745 902 780 953 ξ.
808 900 935 942 16901
962 900 1047 950 171,
1078 899 1149 939 ubi
1180 913 1205 939 a
1229 899 1440 952 praesenti
1471 903 1662 953 tempore
1682 898 1734 938 ad

272 980 562 1036 imperfectum
603 979 808 1030 deflectit,
853 991 934 1017 non
995 981 1059 1017 est
1111 975 1395 1029 sollicitanda,
1457 976 1737 1017 condonanda

273 1071 440 1115 quoque
487 1058 669 1098 auctoris
714 1056 975 1097 festinationi
1025 1068 1076 1095 ea
1126 1054 1328 1095 orationis
1374 1054 1609 1096 obscuritas
1657 1068 1740 1109 qua

273 1139 309 1192 ξ.
345 1137 423 1180 168
454 1141 496 1177 et
526 1136 577 1180 69
608 1148 709 1176 nono
737 1148 840 1175 (tuno
872 1140 913 1175 et
943 1137 1018 1174 hoc
1048 1136 1231 1184 temporis
1259 1137 1388 1183 spatio
1422 1133 1737 1174 ennaeteridem

273 1229 367 1258 csse
398 1215 540 1268 voluit,
574 1228 656 1270 qua
687 1218 838 1255 exacta
868 1213 996 1253 tibiae
1027 1212 1068 1252 111
1099 1224 1221 1251 11311111
1250 1210 1446 1251 ludorum
1478 1210 1735 1265 colligeban-

271 1300 359 1348 tur3
401 1307 508 1349 quae
540 1306 638 1334 vcro
669 1293 710 1332 in
742 1293 844 1347 ipsis
876 1290 1001 1332 l’linii
1031 1289 1169 1330 verbis
1212 1294 1357 1343 aperte
1387 1289 1669 1343 repugnantia
1698 1293 1739 1329 et

271 1374 503 1427 incongrua
533 1372 821 1426 reperiuntur,
867 1383 951 1410 non
994 1367 1153 1408 auctori
1192 1366 1266 1407 sed
1296 1366 1474 1407 librariis
1515 1366 1740 1407 tribuenda

271 1455 381 1492 sunt.
414 1450 506 1498 Quo
526 1450 710 1490 maxime
741 1448 922 1503 pertinet
953 1459 1092 1486 rerum
1116 1445 1156 1485 in
1183 1444 1264 1484 fine
1294 1458 1445 1485 sensus
1477 1444 1736 1485 diversarum

272 1529 523 1571 coniunctio.
583 1527 706 1575 Quod
739 1529 847 1567 enim
876 1527 1056 1577 proclc'yii
1093 1523 1225 1563 instar
1264 1523 1500 1564 habebatur
1538 1522 1579 1562 id
1619 1536 1740 1574 saepe

271 1607 462 1648 accidere
511 1621 595 1647 non
633 1608 810 1660 poterat.
869 1605 1017 1658 Itaque
1050 1601 1160 1642 hunc
1201 1601 1338 1642 10011111
1371 1606 1611 1655 corruptum
1643 1615 1737 1642 esse

272 1690 448 1741 apparet
489 1686 600 1726 etin
642 1683 816 1725 vocibus
863 1691 899 1723 el
928 1695 1049 1733 saepe
1099 1680 1198 1721 mali
1246 1681 1387 1720 sedem
1436 1679 1737 1735 quaerendam,

270 1764 364 1805 Hoc
396 1768 623 1805 senserunt
663 1762 833 1815 quidem
871 1760 968 1801 inde
1002 1774 1026 1800 a
1057 1759 1266 1800 Salmasio
1303 1758 1379 1798 viri
1412 1757 1545 1811 docti,
1594 1770 1736 1799 verum

270 1846 342 1883 aut
369 1841 469 1896 quid
506 1842 547 1882 in
579 1841 659 1881 illis
689 1839 829 1881 verbis
859 1839 1031 1890 lateret,
1074 1850 1118 1877 se
1157 1850 1239 1877 non
1267 1836 1506 1890 perspicere
1552 1835 1736 1877 confessi

271 1924 388 1972 sunt,
432 1923 478 1960 ut
508 1918 737 1974 prudenter
767 1916 866 1958 fecit
896 1915 997 1968 Sili,
1030 1919 1101 1955 aut
1132 1919 1263 1955 totum
1295 1913 1431 1955 locum
1462 1914 1604 1954 nescio
1637 1917 1738 1968 quot

270 1997 442 2038 nomina
470 1996 639 2052 piopiia
668 1994 893 2036 inselcndo
931 1992 1252 2047 inter-,polanum
1284 1993 1435 2034 Nonne
1467 1991 1577 2032 enim
1609 1991 1737 2031 inter-

269 2075 427 2130 polavit
456 2075 608 2128 Ianus,
656 2087 750 2114 cum
784 2071 1088 2113 dubitationem
1129 2085 1211 2126 qua
1251 2079 1286 2111 et
1322 2084 1442 2122 saepe
1482 2071 1522 2111 in
1552 2044 1598 2127 01,
1628 2077 1740 2120 peste
1766 2088 1809 2106 a«.

270 2154 421 2194 mutari
452 2167 578 2208 posse
614 2152 765 2204 aiebat,
799 2153 938 2192 statim
973 2150 1099 2191 abicit
1121 2149 1387 2204 Pliniumque
1422 2149 1480 2189 sic
1500 2147 1587 2188 fere
1607 2149 1737 2201 scrip-

270 2235 375 2274 sisse
421 2232 552 2273 videri
596 2230 860 2286 pronuntiat:
943 2227 1147 2279 ,Lebadia
1190 2227 1301 2267 unde
1340 2227 1508 2282 profluit
1538 2224 1737 2266 Probatia

271 2311 420 2352 fluvius
453 2310 611 2365 profert
643 2323 756 2361 eam,
808 2307 882 2348 sed
913 2306 1249 2347 laudatissimam
1293 2304 1523 2345 inundatus
1564 2315 1737 2357 campus

272 2390 340 2445 qui
373 2389 558 2430 Boedria
605 2392 778 2430 vocatur
809 2387 1013 2428 influente
1047 2383 1261 2438 Cephiso.‘
1319 2382 1439 2423 Idem
1478 2395 1577 2423 vero
1616 2393 1737 2435 prae-

272 2468 384 2509 clare
415 2467 599 2508 addidit:
654 2467 744 2518 ⁷nisi
777 2465 886 2505 forte
917 2462 1262 2504 commemoravit
1301 2461 1427 2502 etiam
1462 2459 1631 2515 Cephisi
1665 2458 1737 2498 de-

272 2546 517 2588 verticulum
551 2544 661 2600 quod
694 2543 924 2584 vocabatur
950 2541 1091 2590 Ὀξεῖα
1124 2540 1284 2595 καμπῇ.

381 2624 549 2664 Scilicet
579 2627 625 2663 ut
662 2621 775 2662 brevi
809 2620 1025 2661 absolvam
1057 2618 1152 2659 talis
1184 2619 1225 2658 in
1271 2616 1498 2671 archetypo
1531 2616 1646 2655 locus
1679 2615 1737 2654 le-

272 2702 451 2758 gebatur
482 2701 630 2741 litteris
661 2704 748 2740 tum
781 2698 970 2740 evanidis
1002 2702 1088 2738 tum
1120 2709 1293 2751 prorsus
1323 2694 1491 2735 deletis:

377 2781 543 2806 PRAELw
586 2781 633 2805 ΕΤ
654 2799 659 2804 .
686 2799 691 2804 .
730 2780 779 2803 ΛΕ
802 2798 807 2803 .
829 2798 833 2802 .
857 2797 863 2802 .
884 2797 889 2802 .
916 2797 921 2802 .
944 2796 949 2802 .
997 2778 1030 2802 Α.
1072 2778 1117 2801 ΡΒ
1139 2795 1144 2800 .
1167 2795 1173 2800 .
1195 2794 1201 2801 .

516 2827 737 2852 l'ELEBAlDA
761 2826 945 2851 UOCATUR
967 2824 1196 2850 INFLUEN'PE.
