1914 3237
749 161 881 203 Liber
911 161 994 204 VI.
1553 164 1607 205 97

130 287 201 331 62.
235 287 305 342 qui
337 293 438 341 post
466 298 627 326 annum
653 284 720 326 66.
751 297 777 324 a
806 284 987 326 Nerone
1016 283 1278 326 interfectus
1309 292 1399 337 est,
1443 285 1504 330 cf.
1522 285 1606 328 Dio

132 364 260 408 Cass.
295 365 413 419 apud
451 363 609 418 Xiphil.
635 362 769 403 LXll.
796 361 870 411 ⁶25,
918 362 1001 403 sed
1051 363 1104 404 de
1147 363 1337 418 Augusti
1388 365 1607 420 supremis

129 445 244 486 idem
285 441 547 485 vocabulum
583 447 771 495 usurpat
807 440 901 481 VII.
936 439 1006 482 33.
1077 440 1245 482 Verum
1282 442 1463 485 alteram
1508 444 1550 485 h.
1582 443 1607 486 l.

130 524 279 564 inesse
321 534 434 576 quae
478 520 708 561 subiicitur
750 519 946 561 narratio
994 520 1205 564 ostendit.
1263 520 1464 576 Namque
1507 530 1609 577 post

129 602 266 642 verba
309 600 430 650 „Sic
458 598 704 640 Alexandri
742 597 901 640 classis
939 599 1204 654 navigavit“
1240 613 1327 641 non
1357 601 1502 641 statim
1534 616 1609 642 se-

128 680 275 735 quitur
306 692 359 720 ea
390 677 628 732 navigatio,
661 690 792 733 quain
825 707 853 728 ‚,
866 677 934 719 his
965 679 1092 720 annis
1127 686 1399 734 compertam
1413 681 1440 702 “
1472 682 1608 722 nomi-

127 765 313 799 naverat
331 755 495 797 Plinius
521 764 564 797 et
591 770 722 812 quam
745 771 769 798 e
791 756 960 812 periplo
983 759 1118 800 maris
1138 757 1374 813 Erythraei
1401 759 1608 801 haustam

129 850 233 879 esse
260 835 507 878 luculenter
525 835 912 879 Schwanbeckius
928 837 1038 880 Nov.
1055 837 1170 880 Mus.
1185 838 1389 879 Rhenan.
1405 839 1494 880 vol.
1511 839 1607 881 Vll.

126 931 166 970 p.
189 915 272 956 364
299 930 397 970 sqq.
433 915 645 966 ostendit,
678 916 796 958 circa
826 930 985 958 annum
1018 932 1058 971 p.
1090 916 1196 961 Chr.
1231 931 1270 961 n.
1300 917 1369 958 75.
1411 917 1607 961 fortasse

126 995 312 1048 scripto,
346 1001 389 1034 ut
420 994 642 1049 Georgius
664 995 929 1050 Bunsenius,
959 997 1252 1039 suavissimus
1283 996 1384 1038 olim
1417 997 1606 1053 discipu-

126 1071 194 1113 lus
237 1085 384 1121 meuS‚
422 1072 464 1112 in
507 1073 638 1114 docta
678 1087 805 1129 quam
847 1074 903 1115 de
932 1074 1105 1117 Azania
1136 1074 1319 1117 Bonnae
1357 1090 1473 1119 anno
1506 1092 1606 1132 pro-

125 1151 244 1192 ximo
281 1150 416 1190 edidit
454 1154 825 1195 commentatione
857 1169 898 1207 p.
916 1154 959 1197 7.
999 1169 1087 1195 non
1128 1155 1474 1209 improbabiliter
1502 1171 1605 1198 con·

124 1229 242 1270 iecit.
302 1229 427 1277 Quae
467 1230 598 1285 igitur
641 1233 756 1273 inter
796 1240 1027 1287 utrumque
1071 1245 1248 1274 cursum
1287 1233 1431 1275 media
1470 1234 1604 1276 inter-

125 1309 350 1351 iiciuntur:

191 1425 377 1472 Postea
422 1424 479 1471 ab
528 1424 720 1489 Syagro
768 1424 980 1473 Arabiae
1027 1425 1363 1489 promontorio
1398 1428 1603 1478 Patalen

190 1513 382 1563 favonio
429 1531 574 1578 quem
609 1514 881 1580 Hippalum
927 1516 994 1564 ibi
1029 1525 1205 1565 vocant
1249 1517 1351 1582 peti
1390 1520 1605 1569 certissi-

191 1623 322 1653 mum
355 1604 612 1653 videbatur
648 1605 822 1655 XIIII.
859 1606 1054 1655 XXXV
1078 1608 1132 1655 M
1156 1625 1202 1672 p.
1250 1608 1602 1661 aestimatione.

193 1697 378 1745 Secuta
414 1704 546 1743 aetas
584 1696 865 1761 propiorem
890 1713 1087 1744 cursum
1116 1697 1446 1765 tutioremque
1482 1702 1604 1752 iudi-

191 1786 336 1848 cavit,
374 1786 415 1834 si
451 1788 508 1834 ab
547 1786 720 1834 eodem
759 1787 1094 1851 promontorio
1133 1788 1361 1853 Sigerum
1408 1801 1604 1856 portum

191 1877 362 1926 Indiae
399 1884 608 1942 peteret.
679 1877 881 1942 Diuque
918 1877 984 1925 ita
1023 1878 1295 1944 navigatum
1336 1890 1411 1929 est
1448 1883 1605 1933 donec

191 1968 480 2033 compendia
526 1967 709 2017 invenit
766 1976 1010 2017 mercator
1054 1969 1292 2035 lucroque
1338 1973 1478 2022 India
1524 1976 1603 2025 ad-

191 2067 321 2108 mota
359 2068 449 2107 est.

123 2184 273 2225 aluba
293 2182 457 2224 Plinius
487 2183 719 2237 accepisse
751 2183 974 2237 putandus
997 2190 1079 2233 est,
1114 2185 1184 2240 qui
1217 2194 1260 2227 et
1291 2200 1388 2229 eum
1411 2204 1604 2244 cursum,

124 2277 210 2318 quo
243 2277 269 2304 a
301 2263 477 2318 Syagro
516 2262 818 2316 promontorio
850 2261 1036 2304 Patalen
1069 2265 1280 2317 petebant
1321 2276 1364 2308 et
1403 2283 1489 2324 quo
1521 2287 1605 2326 po-

125 2350 224 2383 stea
251 2342 308 2382 ad
338 2350 511 2396 portum
543 2342 747 2395 Sigerum
785 2342 1042 2396 ceteroquin
1088 2343 1303 2398 ignotum,
1341 2345 1473 2390 hodie
1510 2349 1605 2392 for-

125 2428 248 2462 tasse
280 2420 609 2474 Siddi-Zyghur
639 2420 909 2475 appellatum
941 2420 1497 2480 (cfiLassen.Antiq.1nd.
1516 2429 1603 2470 vol.

124 2498 349 2554 11.p.540),
364 2498 633 2552 navigabant
647 2507 937 2549 mercatores,
957 2500 1129 2543 videtur
1145 2502 1457 2558 descripsisse.
1476 2507 1604 2554 Quae

125 2585 269 2619 autem
310 2577 459 2619 ultimo
499 2591 635 2619 sensu
673 2579 893 2621 adduntur
927 2581 1083 2634 procul
1120 2582 1251 2623 dubio
1284 2583 1339 2622 ad
1371 2583 1604 2639 Hippalum

124 2658 356 2711 pertinent,
385 2657 456 2712 qui
485 2657 526 2697 in
548 2656 718 2710 periplo
743 2671 786 2710 p.
802 2656 868 2699 32.
886 2659 1161 2714 κυβερνήτης,
1192 2660 1264 2701 hic
1283 2671 1503 2706 mercator
1523 2679 1603 2720 ap-

126 2735 328 2789 pellatur.
388 2735 500 2777 Hinc
529 2736 779 2778 sententiae
809 2736 1038 2779 Vincentis
1075 2752 1100 2778 a
1132 2738 1228 2781 VV.
1248 2740 1345 2783 DD.
1378 2742 1510 2798 vulgo
1540 2759 1605 2785 re-

127 2821 302 2868 ceptae,
323 2828 409 2869 qua
434 2814 618 2858 Claudio
649 2822 864 2870 regnante
893 2816 1062 2858 vixisse
1093 2817 1363 2871 perhibetur,
1395 2820 1605 2863 disertum

1304 2899 1326 2910 §-

1305 2916 1317 2936 Ι
