1914 3237
274 134 355 178 218
830 140 949 180 Lae'ber
976 143 1131 182 XXXI
1138 143 1178 182 V.

275 272 457 320 impubis.‘
485 273 593 309 Idem
625 278 749 310 autem
782 271 823 311 in
842 271 877 312 B
906 271 1221 314 desiderantur:
1253 281 1421 314 ceterum
1440 277 1572 314 colore
1601 278 1735 324 inqra·

274 352 385 389 tiore.
443 346 507 387 Ne
538 347 597 388 sic
629 348 797 402 quidem
831 355 1005 391 sanatus
1038 355 1127 391 erat
1158 351 1288 403 locus,
1319 365 1424 406 quos
1455 356 1568 392 reete
1588 365 1736 393 sanum

274 426 676 480 integerrimumque
703 426 797 467 libri
827 427 946 469 MSS.
979 434 1195 483 praestant
1226 429 1352 470 Ianus
1383 434 1551 470 secutus
1584 435 1667 470 est:

329 528 381 532 —
411 508 514 543 duae
540 513 680 554 partes
710 520 852 555 qnam
878 510 994 554 fuere
1024 522 1061 547 a.
1092 522 1139 547 m.
1171 522 1209 547 ιι.
1236 522 1277 558 p.
1310 512 1333 548 ι’.

274 582 298 622 i.
330 595 365 621 e.
396 581 521 622 binae
554 587 696 634 partes
726 584 872 624 urinae
904 585 1080 639 singulis
1113 584 1220 625 aceti
1251 585 1549 628 admiscentur.

165 693 245 735 754
582 685 672 732 127
710 709 752 726 ε
792 687 945 743 1232.
993 686 1083 744 ((16
1121 685 1459 745 chalcantho).

347 801 390 807 —
437 772 782 835 superponitur
818 772 1091 837 emplastris
1136 775 1197 823 ad
1235 775 1433 825 dolores
1477 775 1739 832 tollen(105‚

339 857 570 923 quodque
609 875 667 908 cx
715 876 772 908 eo
812 862 1057 921 candicat,
1119 863 1165 910 in
1207 878 1300 913 uno
1348 879 1436 912 usu
1475 863 1742 928 praefertur

341 946 572 996 violaceis
611 946 694 996 rel.

383 1048 460 1086 qno
491 1034 528 1074 V
549 1034 606 1087 R,
655 1040 763 1086 quoa
785 1050 882 1086 ,non
924 1037 1001 1078 dT
1039 1042 1201 1078 tantum
1242 1037 1317 1079 sed
1348 1039 1473 1079 etiarn
1504 1038 1562 1091 B,
1608 1052 1629 1078 e
1660 1051 1741 1093 quo

275 1114 316 1153 S.
350 1112 380 1153 I.
412 1116 595 1163 quodque
633 1114 874 1157 attulerunt.
933 1116 1081 1170 Itaque
1122 1115 1328 1157 scribatur
1368 1122 1555 1171 oportet:
1586 1141 1638 1146 —
1671 1120 1741 1157 tol·
1780 1155 1782 1158 ,

276 1195 420 1231 [endas.
484 1194 602 1243 Quod
629 1205 680 1232 αι’
709 1205 754 1232 eo
786 1193 858 1233 rel.

167 1287 246 1329 755
648 1285 737 1330 142
771 1298 823 1316 Ξ
864 1286 1015 1341 14,41.
1062 1285 1151 1344 (de
1189 1284 1363 1337 fel'I'O).

339 1371 387 1417 ln
428 1369 740 1434 Cappadocia
790 1375 972 1420 tantun]
1029 1372 1249 1436 quaestio
1311 1378 1405 1430 est,
1466 1387 1621 1435 aquae
1682 1387 1741 1420 an

345 1464 500 1507 terrae
538 1458 616 1506 liat
653 1464 924 1523 acceptum,
962 1460 1187 1523 quoniam
1213 1460 1407 1525 perfusa
1435 1465 1567 1509 certo
1594 1459 1741 1508 fluvio

344 1553 466 1595 terra
504 1561 663 1610 neque
700 1546 839 1595 aliter
873 1548 1050 1596 ferrum
1088 1565 1113 1597 e
1151 1548 1430 1598 fornacibus
1469 1548 1644 1596 reddit.

384 1636 450 1674 De
482 1634 717 1689 Chalybum
759 1636 938 1676 metallis
970 1636 1173 1691 loquitur,
1219 1636 1268 1679 cf.
1300 1636 1555 1677 Ps-Aristot.
1588 1635 1640 1676 de
1672 1636 1742 1676 ini-

278 1712 364 1753 rab.
412 1712 589 1753 auscult.
620 1714 686 1765 48,
733 1727 838 1768 quos
883 1727 1013 1768 prope
1053 1713 1257 1756 cerasum
1287 1714 1487 1769 oppidum
1530 1713 1745 1755 habitasse

275 1794 442 1831 constat
482 1790 547 1830 vel
586 1804 607 1831 e
638 1790 832 1845 Xenoph.
880 1792 1002 1832 anab.
1036 1792 1084 1833 V.
1116 1794 1149 1833 ἵ).
1191 1796 1220 1834 l.
1279 1793 1427 1847 Itaque
1466 1806 1549 1834 non
1588 1792 1641 1832 de
1681 1792 1742 1832 in·

275 1873 389 1908 certo
422 1867 603 1922 quodam
637 1869 760 1909 fluvio
802 1870 870 1923 agi
901 1875 1233 1911 consentaneum
1266 1876 1330 1911 est
1369 1870 1445 1910 sed
1483 1869 1534 1910 de
1572 1870 1743 1910 flumine

275 1945 418 2001 oppidi
463 1947 714 2000 cognomine
762 1947 837 2001 (cf.
885 1947 1089 2002 Forbiger
1135 1947 1289 2002 Geogr.
1335 1954 1417 1989 ant.
1456 1947 1509 1988 Π.
1554 1962 1591 2002 p.
1623 1947 1743 2000 424).

277 2023 554 2064 Scribendum
586 2029 649 2064 est
678 2024 828 2079 igitur:
865 2030 1050 2066 Ceraso
1077 2030 1219 2073 fluvio.

165 2123 248 2165 756
504 2118 838 2173 15o=15,43.
884 2116 973 2175 (de
1011 2116 1232 2180 robigine
1271 2121 1318 2164 et
1347 2115 1518 2172 ferro).

346 2203 465 2251 haec
503 2207 577 2251 est
614 2203 739 2253 ferro
776 2220 803 2252 a
841 2204 1040 2253 Graccis
1084 2201 1348 2267 antipathia
1386 2202 1526 2250 (licta.
1566 2202 1744 2252 Ferunt

343 2290 538 2354 quidam
589 2297 636 2340 ct
673 2290 911 2355 religione
964 2292 1171 2355 quadani
1217 2290 1264 2338 id
1304 2290 1407 2338 lieri
1468 2294 1514 2338 et
1552 2295 1743 2339 exstare

348 2379 553 2428 ferream
592 2386 813 2428 catellam
849 2379 933 2428 l'Cl.

389 2466 527 2514 Quum
575 2468 790 2521 proximus
832 2468 1003 2508 inferior
1062 2480 1206 2508 versus
1265 2466 1578 2521 protarchetypi
1637 2480 1661 2506 a
1707 2481 1744 2506 v,

278 2548 410 2590 [bremt
439 2545 663 2599 inciperet,
702 2547 857 2586 factum
890 2553 953 2586 est
990 2552 1035 2586 ut
1065 2546 1105 2586 in
1135 2545 1313 2600 primum
1339 2544 1565 2599 superioris
1597 2558 1742 2585 versus

282 2623 532 2663 vocabulum
565 2623 741 2664 eaedem
765 2624 931 2665 litterae
959 2623 1195 2664 transirent.
1255 2622 1402 2677 Neque
1434 2622 1544 2662 enim
1577 2636 1610 2662 V.
1644 2626 1744 2662 anei-

279 2704 419 2749 Jmtlee'a
452 2714 546 2740 cuni
579 2701 719 2742 dativo
761 2701 1028 2755 coniungitur
1059 2706 1100 2741 et
1138 2700 1479 2755 frequentissima
1510 2706 1574 2740 est
1606 2713 1743 2740 rerum

287 2779 589 2832 repugnantiae
621 2779 732 2833 apud
764 2780 1008 2833 scriptorem
1041 2784 1229 2820 nostrum
1262 2778 1419 2818 mentio
1493 2776 1556 2818 Cf.
1580 2777 1675 2818 XX.
1715 2782 1746 2822 1,
