1914 3237
186 935 262 975 1432

196 2566 275 2607 163

281 121 361 162 130
902 114 1035 156 Liber
1067 114 1115 156 V
1110 114 1142 155 I
1141 115 1172 155 Ι
1172 147 1181 156 .

282 242 399 297 quod
431 243 471 281 in
501 252 673 281 summo
697 238 814 280 vitae
845 238 1097 280 discrimine
1114 242 1322 279 versatus
1341 241 1425 286 est,
1458 235 1616 277 deinde
1635 233 1753 290 quod

284 320 440 362 tribuni
480 318 802 359 intercessione
834 326 1038 358 servatus
1076 316 1220 358 alieno
1252 315 1469 357 beneficio
1511 313 1640 362 vixit,
1679 325 1756 365 po-

285 404 447 436 stremo
478 397 593 450 quod
627 396 751 436 bonis
778 397 906 435 etiam
927 393 1131 435 multatus
1149 402 1230 436 est.
1261 395 1322 434 lta
1340 393 1469 447 igitur
1491 398 1609 432 totus
1631 391 1758 430 locus

286 475 455 530 legatur
481 489 593 529 opus
626 483 719 515 est:

405 595 439 606 ..
481 571 521 604 et
558 579 768 605 censurae
799 565 1042 620 peritur-1183
1092 578 1217 618 aegre
1253 568 1278 603 t.
1310 577 1349 617 q.
1381 562 1406 600 i.
1439 575 1473 600 r.
1506 575 1546 598 a.
1582 557 1610 597 I.
1646 558 1671 597 i.
1704 573 1757 599 m,

344 649 569 683 reuocatus
598 642 739 682 alieno
772 640 971 696 beneficio
997 647 1142 695 postea
1170 640 1303 691 vail3
1346 638 1464 679 bonis
1498 637 1598 676 inde
1631 636 1758 676 etium

346 721 605 762 consecratis
635 736 660 759 a
692 720 874 760 alamno
902 733 993 769 sno,
1027 725 1244 779 tamquam
1271 732 1426 773 parum
1456 722 1581 766 esset,
1613 712 1643 770 f.
1671 729 1705 755 r.
1734 715 1757 754 i.

345 817 376 843 e.
406 817 445 856 p.
478 816 515 842 a.
544 800 769 856 sanquinis
789 813 939 854 poena
970 803 1144 837 exacta
1173 802 1259 836 est.

835 930 929 978 145
951 952 999 973 z
1023 929 1218 977 ibidem.

356 1064 422 1071 —
466 1033 514 1081 in
561 1032 853 1096 Capitolium
902 1031 1047 1091 illud,
1090 1030 1137 1077 in
1177 1046 1272 1094 quo
1311 1027 1614 1091 triumphans
1656 1026 1762 1090 ipse

359 1125 429 1172 de
474 1141 676 1171 eorum
717 1122 907 1171 exuviis
952 1139 1013 1170 ne
1054 1121 1270 1185 captivos
1317 1119 1512 1183 quidem
1556 1118 1627 1165 sie
1668 1124 1761 1165 tra-

359 1213 539 1262 xerat?

405 1315 592 1354 Primum
621 1313 775 1354 neseio
809 1326 862 1353 an
895 1326 992 1353 cum
1028 1322 1061 1354 Θ
1092 1311 1162 1351 illo
1195 1310 1297 1365 (ille
1324 1309 1488 1350 habent
1519 1306 1620 1359 Rd)
1659 1306 1763 1347 scri-

293 1394 479 1435 bendum
520 1395 585 1434 sit.
654 1392 823 1433 Deinde
860 1392 1038 1447 vulgata
1078 1390 1206 1432 lectio
1249 1388 1364 1450 qnod
1403 1393 1546 1428 utrum
1582 1398 1606 1425 e
1642 1383 1765 1424 libris

291 1471 402 1514 Mss.
435 1477 597 1512 mutata
630 1471 686 1511 sit
716 1483 742 1510 a
773 1469 963 1524 Silligio,
1006 1469 1046 1509 in
1084 1469 1191 1509 miro
1220 1468 1274 1508 V.
1299 1466 1346 1506 D.
1376 1463 1549 1506 silentio
1583 1462 1764 1503 decerni

291 1552 457 1605 nequit.
517 1549 624 1590 Illud
655 1563 761 1590 vero
795 1549 1030 1597 contendo,
1064 1561 1160 1587 eum
1194 1547 1292 1587 eod.
1323 1545 1364 1585 R
1394 1543 1630 1597 legendum
1661 1557 1764 1583 esse

293 1628 500 1669 deorum
523 1628 692 1668 exuviis
724 1626 913 1682 (exubiis
938 1626 1108 1679 habet).
1152 1626 1261 1665 Nam
1294 1631 1336 1664 et
1358 1635 1472 1677 quae
1502 1636 1528 1662 a
1560 1622 1765 1663 Gesnero

295 1707 541 1748 Chrestorn.
572 1721 614 1760 p.
636 1704 730 1745 ⁶218.
760 1705 1021 1758 proponitur
1053 1702 1309 1757 explicatio,
1349 1710 1394 1742 ut
1431 1700 1594 1754 captivi
1631 1699 1765 1741 vesti—

294 1786 376 1826 bus
409 1785 599 1838 arreptis
629 1784 756 1825 tracti
789 1785 1011 1834 dicantur,
1043 1781 1313 1824 subridicula
1343 1782 1538 1830 videtur,
1570 1762 1613 1820 et
1639 1792 1768 1834 quam

296 1863 547 1904 Harduinus
579 1860 878 1915 amplectitur,
923 1861 977 1901 de
1008 1861 1179 1902 exuviis
1212 1860 1508 1915 captivorum,
1543 1874 1628 1901 nee
1660 1873 1768 1900 vero

297 1943 350 1983 de
390 1941 592 1982 hostibus
634 1940 742 1994 ipsis
781 1938 1090 1992 triumphatum
1129 1951 1250 1988 esse,
1295 1938 1495 1979 oratione
1536 1938 1769 1979 durissima

295 2035 474 2063 sensum
514 2020 707 2073 ineptum
745 2019 902 2060 reddit.
974 2018 1033 2059 At
1073 2026 1229 2058 contra
1257 2017 1502 2057 miserrima
1533 2029 1662 2071 quam
1689 2030 1768 2058 ex-

298 2107 449 2153 pertus
478 2105 547 2139 est
577 2096 782 2138 Metellus
811 2110 958 2137 rerum
996 2095 1232 2136 conversio
1274 2093 1423 2134 habitu
1460 2093 1769 2148 triumphantis

298 2178 490 2218 indicato
523 2176 703 2231 egregie
735 2174 989 2224 illustratur,
1018 2173 1089 2227 qui
1122 2172 1270 2223 „lovis
1305 2171 1454 2226 optimi
1486 2173 1661 2213 maximi
1694 2186 1769 2213 or-

297 2261 401 2295 natu
440 2255 717 2295 decoratus⁶‘
755 2254 795 2295 in
831 2252 1094 2307 Capitolium
1132 2251 1231 2293 olim
1266 2251 1521 2293 ascenderit
1555 2252 1629 2305 (ut
1658 2251 1769 2292 Livii

298 2333 447 2374 verbis
476 2339 575 2373 utar
604 2332 659 2372 X.
681 2333 742 2386 7).
803 2332 926 2378 Quas
957 2331 1140 2372 exuvias
1173 2332 1352 2385 proprie
1380 2312 1472 2371 'dici
1509 2336 1656 2371 notum
1687 2338 1769 2379 est,

300 2410 356 2452 ef.
373 2412 556 2454 Sueten.
573 2411 727 2452 Octav.
744 2410 812 2464 94,
835 2411 957 2455 Fest.
983 2425 1021 2452 v.
1039 2411 1227 2453 Tensae.

858 2546 945 2592 151
973 2544 1215 2605 :46‚47.

366 2647 478 2695 Duo
513 2652 625 2694 sunt
654 2647 773 2694 haec
802 2646 1100 2710 (oracula):
1144 2644 1397 2694 Pedium
1433 2643 1766 2693 felicissimum

366 2736 448 2801 qui
495 2754 585 2802 pro
638 2736 793 2801 patria
843 2735 1065 2800 proxime
1120 2733 1456 2793 occubuisset3
1510 2734 1689 2783 iterum
1738 2751 1767 2783 a
