1914 3237
120 516 202 559 454

128 2411 209 2454 455

234 157 316 201 106
835 157 953 197 Liber
985 156 1108 198 XXI.

344 289 450 327 Leve
480 285 627 327 vitium
657 286 694 341 ἓ.
727 286 780 329 38
816 285 936 329 codd.
968 286 1006 328 R
1025 285 1063 326 V
1093 289 1286 337 sanatur,
1335 285 1406 341 qui
1436 298 1520 326 non
1549 292 1591 326 ut
1620 283 1697 325 sed

230 370 332 406 sicul
361 372 529 406 colonen
559 364 734 417 habent,
783 370 830 406 ut
867 365 993 420 paulo
1024 369 1120 420 post
1148 369 1250 406 sicne
1279 372 1381 404 tura.
1439 362 1546 404 Item
1575 364 1613 418 §.
1642 363 1697 406 40

232 458 327 485 cum
355 442 392 484 V
422 441 688 484 scribendum
720 447 783 484 est
814 446 1072 484 odoratorum
1102 457 1159 484 sc.
1191 443 1359 495 florum,
1389 441 1439 484 cf.
1473 445 1508 493 ὃ.
1532 442 1596 484 45.

654 524 932 578 42:7‚19.
976 521 1065 581 (dc
1103 521 1271 580 iride).

296 609 529 659 Effossuri
581 610 733 659 tribus
785 614 894 658 aute
948 609 1196 658 mensibus
1232 610 1388 658 mulsa
1443 624 1569 673 aqua
1605 608 1697 658 cir-

295 698 509 748 cumfusa
544 697 640 747 hoc
695 696 840 746 veluti
895 696 1201 762 placamento
1247 702 1404 746 terrae
1440 697 1697 746 blandiun-

295 792 393 835 tur:
433 786 844 850 circumscriptam
895 801 1125 835 uiuoroue
1166 784 1316 848 gladii
1354 784 1472 834 orbe
1507 783 1697 849 triplici,

297 890 401 923 cum
443 873 669 937 legerunt
707 889 836 931 cam,
891 873 1110 937 protinus
1146 874 1193 921 in
1232 872 1418 922 caelum
1458 871 1695 921 attollunt.

340 962 472 1003 Recto
504 960 633 1001 Ianus
663 961 878 1016 vulgatam
908 961 1133 1003 lectionem
1163 969 1200 1001 et
1219 964 1370 1010 fossuri
1399 973 1507 1016 quae
1529 960 1698 1015 optimis

231 1040 353 1082 codd.
384 1039 552 1081 fulcitur
596 1039 792 1091 retinuit,
834 1043 949 1080 recte
987 1038 1098 1081 idem
1149 1039 1396 1094 particulam
1434 1047 1469 1079 et
1518 1051 1625 1094 quae
1654 1038 1696 1078 in

231 1119 352 1161 codd.
384 1122 481 1159 ante
514 1131 602 1158 cum
631 1117 805 1172 legitur,
847 1117 967 1158 alteri
998 1117 1254 1172 respondere
1296 1116 1503 1158 intellexit
1532 1129 1695 1157 vocem-

230 1209 309 1251 que
341 1209 423 1237 eam
456 1209 480 1236 a
511 1194 633 1238 codd.
665 1195 846 1236 alienam
877 1195 1049 1250 expulit.
1109 1195 1219 1236 Male
1249 1199 1392 1236 tamen
1422 1197 1696 1243 circumscrip-

231 1282 308 1314 lam
339 1287 448 1329 quae
479 1273 672 1314 codicum
701 1273 826 1314 lectio
859 1277 924 1314 est
953 1287 1047 1314 cum
1068 1273 1250 1315 ablativo
1273 1272 1559 1314 commutavit.
1588 1270 1698 1311 Nam

231 1357 273 1393 et
303 1352 513 1393 obiectum
545 1351 809 1392 desideratur
838 1356 880 1392 et
898 1351 1140 1393 necessaria
1163 1365 1257 1392 cum
1277 1349 1569 1404 Theophrasto
1601 1362 1697 1389 con-

231 1430 438 1484 gruentia.
475 1429 666 1492 ⁹Scilicet
696 1429 764 1470 ille
792 1429 866 1471 IX.
899 1429 936 1472 8.
968 1430 993 1472 7
1031 1443 1114 1469 non
1146 1434 1298 1469 terram
1331 1427 1406 1468 sed
1442 1426 1591 1469 iridem
1621 1426 1698 1467 cir-

231 1507 454 1549 cumscribi
486 1507 670 1547 dixerat:
702 1510 876 1562 τέμνειν
906 1507 955 1548 δὲ
986 1505 1178 1561 ᾱμφήκει
1209 1509 1327 1561 ξίφει
1356 1505 1698 1561 περιγράψαντα

231 1585 290 1634 εἰς
318 1589 418 1639 τρίς.
478 1584 589 1632 Quid
626 1585 792 1626 multa?
848 1599 933 1626 non
977 1585 1210 1625 mutatione
1256 1583 1331 1625 sed
1374 1581 1701 1636 transpositione

233 1663 456 1705 verborum
488 1676 593 1717 opus
623 1666 688 1703 est
719 1663 830 1705 huno
860 1663 903 1703 in
934 1662 1127 1704 modum:

287 1745 339 1782 Et
365 1744 517 1791 fossuri
548 1747 572 1780 c.
606 1753 642 1780 a.
674 1755 722 1780 m.
754 1755 802 1782 m.
835 1755 872 1781 a.
904 1754 937 1782 c.
969 1743 1005 1781 h.
1035 1754 1070 1782 v.
1097 1754 1139 1792 p.
1171 1747 1194 1781 t.
1227 1743 1277 1793 b.,
1308 1747 1344 1780 et
1364 1740 1702 1789 circumscriptam

289 1834 336 1860 m.
368 1834 404 1870 q.
438 1831 474 1860 o.
507 1826 530 1858 t.
562 1831 649 1858 cum
680 1822 856 1868 leyerzmt
881 1834 921 1870 p.
954 1823 977 1860 i.
1007 1832 1042 1860 c.
1072 1832 1106 1859 a.

234 1901 278 1939 ln
311 1898 401 1938 loco
434 1896 676 1937 difficillimo
708 1897 811 1951 §.45
842 1910 916 1951 pro
947 1911 983 1938 v.
1015 1899 1124 1947 nihil,
1156 1894 1268 1950 quod
1292 1894 1429 1936 inutili
1460 1894 1704 1936 coniectura

233 1977 273 2016 in
305 1980 400 2016 mire
431 1988 456 2014 a
487 1973 679 2016 Strackio
717 1978 924 2015 mutatum
956 1978 1042 2026 est,
1082 1972 1246 2028 syllaba
1281 1986 1388 2028 quae
1430 1973 1474 2013 in
1514 1972 1703 2026 proximo

237 2053 439 2095 vocabulo
470 2065 590 2093 coeco
621 2052 737 2104 latet,
770 2051 915 2093 addita,
945 2054 1141 2104 conchylii
1174 2050 1325 2091 scribo.
1358 2049 1576 2105 Conchylii
1607 2063 1702 2104 gra-

236 2133 294 2173 tia
324 2145 448 2186 quem
479 2129 687 2184 conchylii
732 2129 874 2171 fucum
906 2129 1097 2171 Catullus
1139 2129 1344 2183 appellat,
1388 2127 1557 2169 omnino
1588 2126 1703 2168 color

236 2222 469 2264 purpureus
501 2213 576 2261 est,
609 2222 734 2262 aquo
765 2207 878 2263 quod
909 2207 1090 2263 ,proprie
1114 2206 1393 2262 conchylium‘
1424 2205 1574 2246 dicitur
1594 2204 1632 2259 ὃ.
1651 2205 1704 2247 46

236 2291 281 2328 ut
313 2286 475 2340 species
507 2300 531 2328 a
562 2299 717 2341 genere
747 2285 896 2327 differt.

838 2367 892 2413 51
914 2381 963 2401 =
980 2367 1104 2421 927.

303 2452 357 2501 ΕΙ
418 2452 518 2500 sere
573 2451 782 2516 peractis
849 2451 1067 2501 colorum
1123 2464 1319 2514 quoque
1375 2448 1704 2498 celeberrimis

307 2540 474 2588 transit
513 2539 630 2588 ratio
668 2539 729 2587 ad
767 2556 850 2588 eas
888 2554 1113 2589 coronas.

349 2627 441 2667 Non
473 2632 576 2668 rasio
607 2627 757 2668 transit
785 2627 861 2669 sed
892 2631 1044 2680 oratio,
1077 2641 1184 2682 quae
1214 2625 1416 2667 XXVIII.
1435 2627 1488 2669 87
1518 2625 1706 2677 ‚festinat

241 2706 293 2747 ab
324 2705 492 2746 homine
524 2706 696 2759 fugere‘.

351 2784 388 2837 §l
420 2783 472 2825 57
502 2786 706 2823 docuimus
738 2788 779 2824 et
809 2797 894 2824 cum
925 2781 1191 2825 scribendum
1224 2794 1320 2823 csse
1351 2782 1525 2825 conicio.

1900 1535 1914 2058 -r—ffl-—k—n———a—-Jg-
1904 1468 1907 1518 ⁴n,
1903 1391 1905 1394 ,
