1914 3237
306 165 362 209 38
920 161 1053 204 Lt'ber
1078 162 1182 205 III.

307 290 423 332 niam
459 300 550 330 vox
588 299 636 326 eo
672 299 762 328 non
797 285 934 329 habet
968 300 1054 343 quo
1087 285 1326 331 referatur.
1387 287 1427 342 §.
1449 285 1518 330 50.
1554 299 1652 328 cum
1682 286 1784 328 AR

308 366 544 422 legendum
573 371 642 407 est
674 363 835 407 θεοίνια
864 367 958 408 sive
992 364 1183 407 Caecina
1215 364 1358 407 forma
1384 364 1573 407 nominis
1601 378 1625 406 e
1656 365 1783 408 Cice-

309 446 432 488 ronis
462 445 664 487 oratione
696 445 927 487 notissima
957 451 1089 499 atque
1121 442 1407 485 Etruscorum
1438 445 1548 485 mori
1584 444 1654 499 qui
1685 445 1784 486 sim-

308 523 499 580 plicibus
537 523 693 565 litteris
743 523 1100 575 delectabantur,
1151 522 1504 564 accommodata.
1577 522 1787 564 Similiter

308 602 346 662 ἓ.
361 603 427 645 53.
456 616 610 645 veram
641 602 904 656 scripturam
941 600 1068 641 Τίηἰα
1095 600 1191 640 cod.
1213 599 1251 640 A
1281 599 1482 653 exhibet,
1517 599 1785 656 reliquorum

309 683 578 736 scriptorum
601 682 860 722 auctoritate
883 679 1202 730 confirmatam,
1229 679 1331 719 item
1354 677 1559 719 tredecim
1574 693 1655 733 pro
1668 678 1785 733 XVI,

309 774 397 815 quo
429 757 661 801 intervallo
685 758 911 801 Veientem
943 772 1098 814 agrum
1130 758 1185 799 ab
1213 756 1335 798 Urbe
1366 758 1567 811 separari
1597 764 1784 799 constat.

309 838 346 891 §.
366 837 437 882 43,
470 837 667 893 Silligius
697 851 721 879 e
754 839 850 880 cod.
881 838 950 879 Β2
979 838 1151 890 recepit
1188 837 1233 875 in
1266 834 1400 874 laevo
1435 848 1481 874 se
1504 833 1683 893 flectens
1718 850 1788 877 ca·

311 917 507 967 cumine,
556 930 687 970 quum
725 923 869 958 tamen
907 928 1035 955 nemo
1079 914 1133 955 de
1171 914 1326 954 dextro
1365 912 1518 954 Italiae
1557 915 1787 955 cacumine

310 1008 505 1050 unquam
540 992 815 1048 cogitaverit.
892 991 1081 1033 Lineola
1120 991 1269 1032 addita
1315 991 1599 1033 scribendum
1639 999 1707 1034 est
1743 992 1789 1032 in

313 1070 526 1124 laevom,
570 1071 684 1114 sicut
722 1070 841 1127 §.52
872 1070 1033 1112 Forom
1065 1068 1219 1111 Clodii.
1283 1070 1319 1125 §.
1340 1069 1408 1110 54.
1439 1069 1790 1124 interpunctione

313 1150 484 1201 deleta,
522 1150 639 1205 quod
671 1150 756 1191 iam
787 1149 1040 1191 Harduinus
1068 1148 1260 1202 viderat,
1299 1148 1472 1190 Tiberis
1502 1156 1545 1190 et
1573 1147 1718 1191 fluviis
1748 1156 1791 1191 et

312 1230 442 1286 aquis
470 1228 753 1284 fontibusque
787 1235 944 1270 auctus
977 1228 1151 1270 dicitur.

231 1334 287 1377 53
918 1317 984 1366 58
1005 1342 1051 1361 =
1074 1318 1122 1378 5,
1138 1317 1186 1364 9.

383 1408 638 1476 Quidquid
674 1425 792 1473 ergo
833 1414 1077 1456 terrarum
1118 1413 1193 1454 est
1227 1413 1425 1471 praeter
1455 1406 1627 1455 decem
1659 1408 1789 1457 milia

382 1517 616 1565 passuum
645 1516 840 1564 prope
871 1498 1099 1546 ambitus
1139 1497 1382 1545 adnexum
1414 1496 1601 1546 insulae
1637 1505 1721 1548 rel.

310 1603 442 1646 prope
469 1589 670 1630 omittunt
699 1586 820 1638 AR,
856 1593 981 1628 recte
1022 1585 1141 1626 haud
1173 1586 1317 1630 dubie.
1379 1587 1521 1634 Quum
1553 1589 1665 1630 enim
1697 1588 1792 1632 Cir-

314 1668 513 1709 ceiorum
538 1664 709 1708 insulae
738 1679 989 1707 mensuram
1018 1664 1162 1706 stadia
1182 1665 1409 1719 octoginta
1426 1668 1626 1720 posuerit
1645 1667 1790 1710 Theo·

312 1744 543 1800 phrastus,
573 1744 783 1800 quidquid
811 1751 1028 1786 terrarum
1055 1742 1228 1784 insulae
1258 1756 1478 1785 annexum
1509 1751 1593 1798 est,
1623 1753 1667 1787 ut
1694 1761 1791 1789 cum

315 1824 557 1866 continenti
596 1823 963 1877 coniungeretur‚
1011 1821 1199 1876 amplius
1240 1823 1394 1864 decem
1432 1823 1546 1864 milia
1580 1836 1792 1878 passuum

315 1901 495 1954 ambitu,
527 1901 680 1942 Italiae
709 1902 913 1944 accessit.
973 1901 1196 1949 Quocirca
1226 1901 1509 1943 scribendum
1541 1911 1628 1944 est:
1665 1919 1792 1960 prae·

315 1986 383 2022 ter
409 1980 452 2021 d.
475 1996 528 2022 m.
541 1995 582 2034 p.
613 1979 813 2021 anzbitu
844 1980 921 2022 rel.
982 1980 1112 2027 Quod
1151 1979 1348 2034 sequitur
1386 1979 1508 2020 aliud
1535 1982 1794 2023 miraculum

314 2065 440 2102 recte
457 2057 709 2099 Harduinus
727 2059 782 2099 ab
800 2058 1116 2114 interpolatore
1145 2059 1338 2099 additum
1359 2072 1461 2100 csse
1478 2066 1643 2101 censet.
1673 2062 1710 2114 §.
1726 2061 1792 2102 59.

315 2144 439 2179 recte
478 2137 650 2193 quidem
686 2137 912 2179 Pintianus
956 2151 980 2179 e
1012 2138 1232 2180 Strabone
1263 2136 1314 2178 V.
1344 2152 1384 2191 p.
1410 2136 1502 2178 233.
1537 2136 1667 2178 Claui
1696 2153 1792 2180 cor-

315 2217 444 2270 rexit,
474 2215 575 2257 mihi
609 2223 754 2258 tamen
786 2217 830 2257 in
863 2216 991 2258 codd.
1022 2215 1244 2270 scriptura
1273 2214 1456 2256 Glam'co
1482 2218 1605 2258 vocis
1637 2219 1792 2273 ‹leper-

318 2294 435 2336 ditae
464 2293 699 2348 vestigium
730 2296 879 2337 inesse
909 2295 1103 2345 videtur,
1133 2294 1193 2335 ita
1219 2301 1265 2335 ut
1297 2294 1461 2335 Plinius
1494 2293 1625 2337 Claui
1653 2311 1792 2358 quion—

318 2372 421 2414 dam
450 2372 693 2427 scripsisse
725 2374 947 2427 putandus
977 2375 1047 2415 sit.

240 2468 295 2508 54
921 2451 985 2501 68
1002 2472 1053 2494 =
1070 2452 1117 2513 5,
1137 2451 1186 2498 9.

388 2541 619 2592 Saturnia
649 2541 732 2590 ubi
756 2559 888 2602 ¹nunc
913 2543 1070 2592 Roma
1101 2548 1191 2603 est,
1221 2542 1464 2607 Antipolis
1500 2542 1631 2606 quod
1665 2558 1793 2592 nunc

388 2632 659 2682 Ianiculum
698 2631 786 2699 [in
818 2640 995 2697 parte
1030 2630 1295 2698 Romae}

431 2722 498 2763 Ex
535 2721 696 2763 ultimis
731 2722 882 2763 verbis
927 2721 1148 2776 Antipolis
1195 2733 1371 2775 quoque
1409 2719 1644 2762 Saturniae
1687 2735 1794 2776 pars

323 2806 469 2851 esset,
514 2799 631 2854 quod
662 2812 792 2854 quum
823 2800 917 2842 fieri
951 2807 1164 2855 nequeat,
1202 2804 1404 2853 praestat
1433 2810 1489 2839 ea
1517 2813 1599 2854 pro
1630 2799 1794 2843 librarii
