1914 3237
692 160 823 203 Lt'ber
848 161 954 203 III.
1513 155 1570 197 37

659 284 722 333 25
739 309 791 330 =
810 284 1008 332 ibidem.
1591 293 1645 334 51

159 389 538 439 Castulonenses
575 384 658 450 qui
693 384 904 433 Caesari
939 384 1153 432 Venales
1190 386 1511 448 appellantur.

202 500 335 540 Immo
366 511 455 540 non
485 503 588 540 sunt
617 495 688 551 qui
718 509 745 538 a
766 495 965 538 Caesare
995 496 1079 537 emi
1102 501 1311 550 possunt,
1350 509 1463 550 quae
1493 497 1566 539 da·

92 579 166 620 tivi
197 591 329 619 casus
359 577 426 618 vis
457 582 599 629 esset,
638 575 720 616 sed
749 588 933 630 quorum
962 587 1070 629 ager
1097 587 1124 615 a
1160 573 1362 616 Caesare
1395 583 1567 628 emptus

91 664 172 701 est.
235 655 528 698 Scribendum
567 663 637 696 est
674 653 830 708 igitur:
871 651 1089 694 Caesaris
1123 652 1316 706 venales,
1359 653 1567 707 quemad-

90 736 265 777 modum
301 734 417 775 infra
447 735 484 789 §.
505 733 600 774 134.
632 730 905 786 Triumpilini
934 730 1106 773 venalis
1139 745 1239 773 cum
1274 744 1383 786 agro
1424 746 1568 786 popu-

90 813 157 856 lus
188 813 481 869 appellantur.
552 812 722 854 Locum
750 811 837 852 iam
866 809 1007 852 attulit
1038 809 1303 854 Harduinus.

704 936 768 984 30
785 957 836 980 =
854 936 900 997 3,
918 935 964 984 4.
1592 946 1649 988 52

158 1029 435 1078 Universae
466 1027 742 1093 Hispaniae
785 1025 1119 1091 Vespasianus
1159 1026 1427 1090 imperator
1468 1027 1568 1075 Au-

156 1126 328 1185 gustus
348 1119 546 1168 iactatu
558 1136 580 1166 s
600 1117 830 1183 procellis
842 1116 918 1164 rei
930 1116 1154 1180 publicae
1168 1115 1364 1164 Latium
1382 1116 1566 1165 tribuit.

200 1232 286 1273 Vix
324 1231 525 1273 modeste
561 1244 615 1272 ac
653 1231 864 1272 decenter
907 1230 1218 1284 imperatorem
1256 1228 1466 1285 procellis
1503 1229 1567 1269 rei

89 1309 290 1365 publicae
320 1311 528 1351 iactatum
560 1310 758 1351 dicturus
787 1309 948 1350 fuisset
979 1309 1162 1350 Plinius:
1192 1311 1260 1350 ius
1290 1309 1433 1363 ipsum
1455 1307 1568 1348 Latii

88 1390 223 1431 variis
252 1389 422 1443 imperii
452 1390 630 1430 casibus
661 1389 734 1432 vel
754 1389 797 1430 in
818 1389 1076 1443 Hispaniam
1110 1388 1301 1429 delatum
1326 1400 1429 1430 esse
1459 1399 1568 1428 vere

88 1476 132 1510 et
169 1468 398 1523 eleganter
441 1469 631 1510 tradidit.
703 1468 850 1523 Atque
887 1468 974 1509 hoc
1009 1468 1151 1521 ipsum
1194 1467 1404 1508 exhibent
1432 1465 1567 1507 ATd.

86 1547 236 1603 ltaque
253 1546 370 1588 haud
387 1548 515 1590 dubie
531 1547 766 1602 legendum
785 1555 854 1589 est
881 1548 1117 1588 iactatum.
1150 1546 1347 1587 Eundem
1366 1545 1567 1586 codicem

87 1627 129 1669 A
164 1627 456 1668 certissimum
492 1626 683 1676 omnium
725 1627 883 1673 ducem
923 1626 1052 1666 etiam
1092 1623 1129 1680 §
1154 1623 1223 1665 31.
1263 1624 1306 1664 in
1347 1624 1568 1678 scriptura

87 1710 219 1745 antea
250 1712 292 1746 et
317 1705 432 1744 Iura
463 1704 587 1759 sequi
620 1718 702 1759 par
732 1712 840 1746 erat.
910 1703 1041 1751 Quod
1072 1703 1185 1744 enim
1218 1715 1242 1743 e
1272 1702 1401 1745 codd.
1431 1701 1520 1742 ΒΤ
1540 1702 1567 1742 d

88 1783 257 1838 recepit
276 1781 468 1837 Silligius
498 1782 693 1836 Iuribus,
725 1789 865 1828 ortum
898 1789 966 1822 est
997 1795 1148 1822 errore
1169 1780 1463 1834 librariorum,
1495 1781 1567 1835 qui

89 1863 205 1904 sicut
237 1875 443 1916 agrorum
477 1859 610 1911 cultu,
644 1860 928 1915 amplitudine
964 1874 1111 1914 opum,
1142 1859 1203 1900 ita
1238 1860 1366 1900 etiam
1398 1860 1566 1901 iuribus

88 1942 425 1983 Narbonensem
448 1940 720 1994 provinciam
751 1940 943 1981 eminere
961 1939 1299 1980 arbitrabantur.
1341 1939 1400 1980 At
1428 1952 1566 1993 supra

85 2022 159 2064 vel
190 2029 346 2063 contra
375 2018 613 2074 plerosque
643 2019 782 2060 libros
808 2019 920 2060 Mss.
941 2019 1224 2060 scribendum
1255 2025 1351 2060 erat
1372 2017 1565 2074 Alpium-

86 2115 169 2163 que
196 2098 489 2141 saluberrimis
520 2099 627 2157 iuqis
653 2097 842 2152 expulsa
872 2096 1162 2152 frigidissima
1192 2111 1308 2139 voce
1337 2096 1418 2151 vel,
1449 2110 1564 2152 quae

87 2194 142 2222 ex
171 2178 331 2221 ultimis
363 2178 551 2233 proximi
581 2175 785 2219 vocabuli
813 2175 969 2218 litteris
1000 2175 1080 2216 VE
1114 2176 1303 2231 repetita
1338 2183 1419 2217 est.
1479 2175 1564 2215 Ea-

87 2259 185 2300 dem
214 2257 511 2312 dittographia
542 2257 639 2299 cod.
665 2256 707 2298 A
737 2256 862 2311 §.4ss
899 2269 980 2310 pro
1014 2260 1101 2295 tam
1132 2254 1311 2297 exhibet
1348 2261 1435 2296 tam
1462 2254 1564 2305 iam,

86 2338 205 2393 quod
226 2337 436 2391 aSilligio
467 2342 695 2390 receptum
726 2333 986 2377 esse-valde
1015 2336 1161 2377 miror.
1201 2333 1382 2377 Scilicet
1408 2334 1565 2376 ordine

85 2416 323 2457 verborum
353 2415 612 2468 perturbato
643 2415 861 2456 cervicem
901 2414 1043 2456 solam
1080 2414 1347 2470 Vespasiani
1378 2413 1563 2468 imperio

86 2494 246 2537 festam
275 2493 490 2534 redditam
523 2507 626 2535 esse
658 2492 864 2544 efficitur,
890 2492 1026 2545 facie,
1058 2495 1230 2549 opinor,
1260 2494 1375 2536 tristi
1391 2492 1561 2534 relicta.

89 2574 254 2615 ibidem
285 2572 323 2628 ξ.
342 2572 409 2613 41.
443 2585 467 2613 e
497 2572 625 2614 codd.
654 2571 693 2612 A
716 2572 742 2611 d
784 2577 872 2612 tota
903 2587 954 2613 ea
983 2585 1173 2614 servare
1205 2572 1374 2624 malim,
1418 2571 1564 2614 deleta

88 2666 184 2694 cum
217 2651 440 2707 plerisque
470 2650 594 2692 libris
629 2651 837 2705 proxima
865 2665 976 2693 voce
1009 2651 1124 2703 talis,
1156 2658 1204 2693 ut
1235 2652 1289 2692 ab
1316 2650 1436 2692 Urbe
1466 2657 1509 2692 et
1535 2662 1562 2691 a

89 2729 331 2785 Campania
362 2731 417 2772 ad
446 2731 700 2772 universam
725 2731 951 2785 regionem
982 2730 1201 2784 procedat
1229 2730 1391 2778 orati03
1423 2730 1464 2786 ᾗ.
1487 2742 1560 2769 au·

89 2816 173 2849 tem
194 2808 262 2849 42.
301 2815 476 2870 quotam
503 2815 671 2866 partem
697 2824 752 2850 ex
780 2824 832 2849 ea
862 2809 998 2851 scribi
1029 2809 1194 2851 debere
1222 2809 1427 2859 arbitror,
1457 2821 1559 2863 quo-
