1914 3237
714 185 828 223 liber
860 185 903 223 X
904 184 953 222 X.
1511 180 1565 223 93

102 319 248 369 aperte
282 318 478 369 corrupta
508 313 614 365 sint,
644 311 788 367 quidni
820 311 1043 365 Apuleium
1072 310 1210 365 potius
1242 324 1466 365 sequamur
1496 310 1566 365 qui

102 392 246 433 scribit
276 406 310 433 c.
337 407 376 443 p.
408 395 563 432 maiora
593 394 642 430 de
670 391 805 429 eadem
837 392 895 428 uis
924 397 992 429 esc.
1024 392 1149 442 atque
1181 388 1433 429 scribamus:

157 484 190 511 c.
223 474 350 510 maior
380 472 443 509 ad
471 471 647 508 eadem
676 470 748 508 vis
780 472 848 506 est.

395 581 454 627 51
493 593 544 614 =
583 579 707 635 623.
761 576 850 635 (de
887 573 980 623 alio
1019 574 1277 637 loquitur).

171 663 295 725 Quin
333 671 380 714 et
422 666 586 715 suffitu
623 668 716 729 [eol
756 663 951 713 evocari
1001 663 1246 712 secundas
1285 668 1449 727 partus
1486 680 1570 713 ex-

169 753 346 802 istimat
383 753 724 818 Hippocrates,

214 840 354 882 Alium
378 846 480 896 potu
511 840 603 882 cibo
636 841 741 881 illitu
773 839 930 881 vomitu
960 837 1161 893 prodesse
1187 836 1432 890 tradiderat,
1463 852 1571 879 nunc

104 919 232 960 etiam
264 919 407 961 suffitu
438 919 538 960 utile
570 932 664 960 esse
695 922 901 958 narratur.
949 915 1128 956 Molesto
1153 915 1280 969 igitur
1311 916 1572 969 pronomine,

105 1010 186 1052 quo
219 996 406 1052 duplices
438 996 593 1038 diversi
624 996 790 1052 generis
818 994 990 1036 ablativi
1019 992 1297 1046 cumulantur,
1329 1006 1378 1033 eo
1409 992 1572 1034 facilius

105 1088 310 1128 caremus,
343 1075 540 1130 quoniam
572 1088 654 1115 non
687 1074 768 1115 alio
801 1072 876 1113 sed
908 1070 1050 1112 suffitu
1069 1071 1138 1112 alii
1169 1070 1383 1111 secundae
1407 1072 1573 1113 evocari

109 1151 315 1195 dicuntur.
374 1152 498 1200 Quod
529 1166 656 1205 quum
687 1151 800 1207 apud
831 1150 1057 1205 Apuleium
1096 1162 1180 1190 non
1209 1149 1374 1204 legatur
1397 1154 1523 1204 atque
1553 1163 1575 1189 e

106 1231 307 1286 proximis
338 1231 487 1273 litteris
509 1244 581 1271 euo
611 1230 654 1270 in
674 1229 795 1271 codd.
826 1229 1050 1283 repetitum
1082 1227 1286 1280 videatur,
1318 1228 1485 1268 omnino
1504 1228 1575 1269 de—

104 1308 275 1350 lendum
321 1309 410 1350 erit.
471 1308 631 1348 Eodem
677 1312 847 1349 auctore
893 1308 929 1361 ξ.
969 1306 1020 1348 <32
1064 1305 1275 1360 passivum
1315 1312 1578 1357 qaryarizari

106 1387 304 1442 vulgatae
337 1386 472 1428 activo
504 1386 721 1440 praefero,
751 1387 853 1427 item
885 1385 921 1439 ξ.
952 1385 1005 1426 58
1043 1388 1125 1424 eius
1157 1384 1325 1433 omitto,
1367 1398 1462 1425 nam
1496 1386 1575 1426 Pli-

109 1466 203 1506 nius
249 1465 356 1506 sicut
388 1466 423 1519 ἓ.
454 1464 506 1507 59
544 1478 668 1515 glenus
701 1467 897 1514 estquod
946 1489 956 1492 -
1005 1473 1148 1504 vocant
1186 1464 1374 1519 scripsit,
1413 1464 1471 1504 ita
1510 1463 1576 1504 hic

106 1557 232 1593 (senus
261 1557 378 1594 quam
409 1546 615 1594 caprinam
645 1550 788 1583 vocant
816 1541 973 1583 dixisse
1003 1541 1214 1597 putandus
1248 1547 1312 1583 est

222 1658 282 1703 65
310 1657 506 1711 =7,‘26.
569 1652 656 1712 (de
693 1651 897 1702 lactucis
935 1652 1103 1701 sativis
1139 1668 1299 1703 serino
1339 1658 1460 1713 est).

177 1740 453 1792 Stomachis
507 1739 757 1790 dissolutis
796 1740 1047 1790 utilissime
1093 1740 1386 1790 adiuvantur
1434 1742 1480 1790 in
1518 1757 1577 1791 eo

179 1845 270 1879 usu
307 1833 354 1878 et
390 1829 597 1894 oxypori
623 1827 797 1879 obolis.

230 1917 296 1959 Ita
354 1916 539 1972 Silligius
598 1917 812 1972 vulgatam
870 1917 1096 1958 lectionem
1153 1920 1346 1959 stomachi
1401 1921 1583 1958 dissoluti

109 1999 310 2036 utilissime
357 1998 616 2036 adiuvamur:
676 1999 714 2036 in
753 2008 799 2036 eo
841 2009 912 2036 usu
942 1993 1014 2036 rel.
1054 2007 1076 2034 e
1120 1993 1336 2034 codicibus
1385 1994 1580 2047 correxit,

114 2087 242 2114 unum
274 2073 472 2128 neglexit.
521 2073 766 2115 Subiectum
798 2074 908 2114 enim
942 2072 1058 2114 verbi
1089 2071 1309 2125 ‚homines‘
1341 2085 1436 2113 esse
1466 2076 1582 2113 ratus

112 2155 367 2192 structuram
399 2165 549 2193 sensus
580 2152 703 2193 valde
729 2151 977 2206 impeditam
1007 2150 1202 2191 reddidit.
1231 2150 1439 2191 Homines
1471 2151 1582 2191 enim

115 2230 278 2284 aegroti
307 2243 515 2285 nusquam
554 2234 957 2282 commemorantur,
1004 2243 1140 2284 neque
1178 2229 1348 2281 ,utiliter
1380 2228 1583 2270 adiuvari‘

115 2307 223 2347 bene
261 2306 457 2348 dicuntur
494 2321 631 2362 neque
672 2308 719 2360 ,is
758 2309 872 2348 usus‘
911 2308 980 2362 qui
1021 2308 1073 2346 sit
1113 2306 1381 2361 intelligitur,
1437 2317 1583 2348 contra

115 2385 272 2440 optime
306 2389 347 2425 et
383 2385 501 2440 ipsae
533 2385 725 2426 lactucae
757 2385 985 2426 stomachis
1022 2385 1147 2425 utiles
1177 2385 1244 2425 hic
1274 2390 1320 2426 ut
1352 2386 1388 2439 ἓ.
1419 2386 1470 2429 67
1510 2400 1582 2442 ap-

116 2462 326 2517 pellantur
358 2467 400 2503 et
429 2462 471 2503 in
503 2476 552 2504 eo
583 2477 663 2504 usu
695 2476 882 2518 oxyporo
914 2462 1103 2504 adiuvari
1133 2463 1341 2505 dicuntur.
1388 2464 1582 2505 Scriben-

119 2539 218 2581 dum
250 2544 314 2581 est
345 2540 490 2595 igitur:

173 2622 310 2659 Stoma
322 2621 426 2660 clais
455 2622 604 2660 dissolu
620 2623 683 2660 tis
708 2622 964 2660 utilissimae
985 2620 1058 2661 rel.

701 2734 761 2779 69
799 2743 848 2765 =
884 2732 1010 2788 827.

190 2817 399 2866 candida
436 2818 548 2867 beta
594 2822 734 2868 cocta
779 2823 826 2867 et
875 2833 984 2867 cuin
1041 2818 1135 2867 alio
1190 2819 1342 2869 crudo
1396 2825 1587 2885 sumpta

1597 516 1678 559 425

1607 1635 1688 1678 426

1614 2691 1693 2735 427
