1914 3237
718 167 832 206 Liber
863 166 1069 205 XXVIII.
1542 161 1620 204 163

748 331 804 376 61
833 345 884 363 =
906 332 1031 385 (5,st
1652 354 1729 398 (501-

227 416 491 477 (Prodest)
550 414 881 464 extremitates
932 417 1151 480 corporis
1202 416 1465 465 velleribus
1511 428 1620 478 per-

218 504 390 568 stringi
452 508 620 553 contra
656 502 886 552 horrores
954 502 1209 567 [corporis]
1266 503 1619 566 sanguinemve

217 591 402 640 narium
459 591 795 648 immodicum,
852 591 948 640 lino
1004 590 1083 639 vel
1136 606 1322 654 papyro
1386 589 1621 654 principia

218 679 525 743 genitalium,
582 680 737 728 femur
768 679 981 727 medium
1027 678 1089 727 ad
1142 678 1419 728 cohibenda
1456 678 1618 726 urinae

218 766 472 831 profluvia.

263 855 458 896 Maricam
489 855 722 896 orationem
753 868 847 896 esse
880 862 921 894 et
950 854 1237 909 imperfectam
1270 860 1474 908 apparet,
1522 867 1619 894 nam

154 934 272 974 cuius
303 934 401 974 mali
443 933 674 973 remedium
718 933 800 974 lino
840 932 1094 987 genitalibus
1134 931 1303 986 alligato
1335 932 1621 972 contineretur

153 1024 326 1065 prorsus
357 1012 571 1067 legentem
617 1010 777 1051 latebat
819 1010 898 1049 nisi
930 1023 951 1049 a
985 1009 1196 1050 veteribus
1236 1009 1409 1050 medicis
1449 1010 1519 1064 qui
1567 1009 1620 1050 ab

151 1088 373 1129 Harduino
406 1089 632 1129 laudantur
675 1088 948 1129 edoceremur
978 1091 1124 1127 contra
1168 1088 1417 1142 sanguinem
1448 1087 1619 1128 naribus

153 1167 430 1221 profluentem
462 1168 614 1207 valere.
649 1165 712 1206 Cf.
738 1165 925 1206 Marcell.
955 1165 1112 1220 Empir.
1131 1165 1183 1207 X.
1216 1180 1254 1220 p.
1272 1166 1325 1209 86
1356 1166 1472 1207 alios.
1504 1167 1620 1207 Idem

151 1245 278 1300 igitur
308 1258 408 1285 usus
440 1244 516 1285 fuit
563 1245 634 1284 lini
667 1257 715 1284 ac
759 1244 959 1283 vellerum
990 1244 1198 1298 lanaeque
1235 1244 1332 1285 licet
1375 1245 1456 1285 alio
1494 1244 1619 1285 modo

153 1323 458 1378 impositorum,
489 1336 586 1363 nam
620 1322 726 1363 haec
748 1335 914 1376 quoque
933 1321 1180 1376 sanguinem
1201 1322 1242 1362 in
1272 1322 1444 1363 naribus
1474 1327 1516 1363 et
1546 1335 1619 1363 au-

150 1401 266 1442 ribus
294 1401 458 1453 sistunt,
490 1400 540 1443 cf.
573 1399 731 1441 XXIX.
764 1400 830 1452 31,
860 1400 923 1442 32.
957 1399 1135 1441 Accedit
1151 1401 1404 1454 optimorum
1419 1401 1620 1441 librorum

151 1480 393 1520 auctoritas.
427 1480 615 1520 Alterum
647 1478 895 1519 vocabulum
928 1482 1110 1529 corporis
1141 1492 1222 1518 non
1255 1479 1408 1534 legitur
1433 1480 1473 1519 in
1496 1481 1531 1518 V
1546 1479 1618 1532 R1,

147 1559 188 1598 in
219 1557 368 1599 iisdem
416 1571 500 1598 non
529 1561 807 1607 sanquinemve
853 1556 1055 1610 scriptum
1095 1562 1234 1597 exstat
1273 1557 1347 1597 sed
1385 1561 1617 1608 sanym‘nem

147 1640 230 1684 vel,·
276 1635 457 1690 denique
495 1638 700 1676 velleribus
743 1640 855 1675 recte
895 1634 1062 1689 quidem
1104 1648 1128 1674 a
1159 1635 1246 1675 Sill.
1286 1642 1500 1691 receptum
1539 1641 1617 1689 est,

149 1713 224 1754 sed
271 1714 444 1768 vulgata
492 1714 615 1754 lectio
664 1717 722 1753 vel
764 1716 918 1753 aurium
977 1712 1134 1753 codicis
1182 1713 1244 1753 R²
1307 1714 1515 1768 scriptura
1561 1718 1620 1755 vel

150 1795 315 1832 auribus
345 1790 687 1843 commendatur,
730 1805 838 1845 quae
869 1804 996 1845 quum
1030 1795 1090 1831 vel
1118 1796 1272 1832 (ιηνὶιιηι
1303 1805 1397 1833 esse
1429 1792 1616 1844 deberet,

149 1884 172 1911 e
202 1870 393 1926 margine
433 1869 650 1924 archetypi
687 1869 780 1910 loco
819 1874 1093 1923 praepostero
1136 1870 1296 1910 inserta
1334 1876 1408 1911 est.
1470 1872 1617 1925 Itaque

149 1950 307 1990 omissa
336 1949 469 1990 altera
509 1961 610 1990 voce
643 1951 828 2007 corporis
857 1961 909 1987 ne
938 1948 1032 1987 usui
1073 1948 1242 2002 quidem
1273 1949 1487 2003 scriptoris
1519 1962 1616 1990 con-

149 2032 354 2068 sentanea
374 2032 494 2076 [nam
511 2040 614 2067 voce
640 2026 917 2078 ,horrores‘in
934 2038 979 2065 re
999 2025 1164 2066 medica
1180 2026 1270 2066 sola
1286 2027 1438 2079 utitur)
1466 2027 1618 2067 lacuna
1659 2027 1663 2031 “

148 2105 208 2146 ita
238 2105 430 2160 expletur
461 2105 680 2145 facillime:

206 2192 347 2225 contra
378 2186 578 2233 horrores,
611 2190 753 2222 emzlra
781 2185 1016 2231 sanquinem
1056 2186 1131 2222 vel
1157 2186 1346 2223 aure'um
1376 2188 1434 2225 vel
1460 2188 1618 2225 narium

204 2266 451 2304 immodicum
481 2266 558 2302 lino
592 2265 651 2301 rel
673 2274 833 2312 papyro
857 2274 923 2312 pr.
953 2273 1042 2310 qen.
1073 2260 1148 2302 rel.

747 2366 809 2412 74
829 2387 872 2405 Ξ
893 2367 1019 2421 731.
1646 2377 1727 2421 502

215 2452 524 2520 peculiariter
561 2452 690 2501 valet
747 2453 849 2513 (lac
885 2452 1164 2512 mulierum)
1224 2458 1390 2518 potum
1449 2457 1619 2503 contra

218 2559 410 2593 venena
445 2557 570 2606 quae
609 2543 719 2591 data
755 2542 851 2591 sint
886 2558 911 2590 e
939 2543 1121 2591 marino
1154 2541 1346 2607 lepore,
1385 2542 1616 2606 bupresti,

216 2637 267 2681 ut
303 2631 600 2682 Aristoteles
630 2629 789 2688 tradit,
828 2630 1114 2694 dorycnion.

150 2728 241 2761 sunt
269 2720 330 2761 R²
373 2724 547 2773 bupresti
576 2720 634 2760 R2
667 2723 870 2770 bupraesti
908 2718 988 2771 V'2,
1023 2722 1326 2770 prestimulalim
1358 2718 1409 2760 R¹
1447 2723 1617 2770 praessi-

149 2803 323 2840 mulatim
354 2798 429 2851 Vl,
470 2802 642 2850 bupresti
682 2801 857 2837 mamam
888 2796 936 2846 d;
984 2795 1097 2837 unde
1126 2797 1253 2837 Ianus
1281 2802 1536 2847 praeserle'm,
1578 2807 1618 2837 ue

1279 2877 1328 2917 11
1349 2878 1368 2899 '³‘
