1914 3237
792 168 913 207 Liber
942 169 1060 208 XVI.
1623 165 1649 208 7

185 299 381 350 corrupta
411 295 449 336 ei
479 295 541 356 vis
572 296 744 346 ulnore,‘
789 299 1011 349 praeterea
1040 295 1159 336 initio
1193 309 1341 335 sensus
1374 295 1551 335 coniecit
1581 301 1650 334 est.

185 374 311 429 Fugit
346 378 488 421 tamen
527 375 660 419 virum
697 373 1106 426 praestantissimum
1151 373 1357 413 ablativus
1388 377 1549 412 materie
1581 372 1652 427 qui

185 452 229 492 in
255 451 346 492 cod.
378 465 403 491 a
434 450 651 504 reperitur.
697 448 846 503 Itaque
878 449 967 489 eius
999 449 1339 490 emendationem
1369 450 1430 490 ita
1458 450 1649 505 perficio:

240 533 349 569 larix
378 535 563 579 vocalur,
595 531 758 567 materie
784 531 1080 582 praeslcenlior,
1120 533 1233 577 lonqe
1274 533 1345 578 (z
1378 527 1472 574 diu)
1521 533 1655 569 incor-

237 613 380 656 ruptae
410 609 480 654 vis,
514 618 649 644 umore
679 612 908 645 contumax.

293 683 545 725 Genetivum
573 683 684 724 enim
716 682 1011 737 ‚incorruptae‘
1042 682 1172 724 habet
1202 682 1241 723 D
1275 682 1542 751 ,incorrupte‘
1574 681 1613 723 d.

771 795 1074 851 47=10‚19.
1683 800 1764 844 260

248 895 352 958 ipsa
370 892 595 942 materies
623 892 836 953 (laricis)
865 893 1102 942 retorrida
1144 896 1191 941 et
1224 892 1409 956 nigrior
1444 893 1656 941 maribus

248 981 400 1030 radix.
471 980 606 1030 Circa
658 980 790 1029 Idam
836 983 883 1029 in
920 980 1111 1030 Troade
1159 985 1206 1029 et
1258 979 1350 1028 alia
1387 981 1659 1030 differentia

253 1072 512 1118 montanae
547 1069 930 1133 maritimaeque.

292 1167 465 1208 Larices
496 1180 634 1207 mares
671 1167 814 1209 radice
838 1168 1019 1222 nigriore
1050 1181 1075 1208 a
1104 1166 1272 1208 feminis
1298 1167 1500 1222 distingui
1518 1168 1656 1209 Theo—

183 1246 382 1300 phrastus
413 1245 541 1286 Plinii
595 1250 741 1286 auctor
791 1259 1000 1300 nusquam
1046 1245 1236 1298 tradidit,
1278 1245 1330 1286 de
1360 1246 1535 1286 materie
1565 1248 1658 1301 ipsa

183 1324 209 1365 i.
243 1337 276 1365 e.
312 1323 364 1364 de
394 1323 508 1378 ligno
540 1324 704 1365 locutus
734 1328 798 1365 est
816 1323 926 1378 quod
950 1323 1201 1378 alignicidis
1230 1324 1389 1378 nigrius
1422 1323 1656 1378 deprehen-

184 1401 318 1442 datur.
378 1401 529 1457 Itaque
571 1416 655 1443 vox
682 1407 807 1443 radix
836 1415 921 1442 non
953 1406 1018 1442 est
1048 1401 1237 1442 ferenda.
1296 1401 1454 1442 Veram
1484 1402 1658 1457 scriptu-

183 1493 272 1520 ram
304 1479 463 1520 indicat
499 1480 721 1534 genetivus
759 1483 911 1521 radicis
949 1480 993 1519 in
1016 1479 1107 1520 cod.
1139 1479 1193 1532 D,
1223 1480 1359 1534 ipsam
1394 1479 1566 1521 exhibet
1596 1480 1657 1521 D2

184 1571 372 1598 summus
403 1558 446 1597 in
476 1557 540 1598 his
573 1558 742 1612 quidem
772 1559 889 1600 libris
921 1562 1089 1599 auctor:
1127 1562 1274 1599 laricis.
1321 1557 1546 1599 Manifesto
1579 1559 1656 1614 igi-

182 1640 250 1677 tur
280 1635 550 1676 scribendum
582 1640 666 1676 est:

463 1716 620 1763 niyrz'or
648 1717 837 1755 maribus.
901 1717 1056 1754 Lar-icis
1086 1718 1196 1754 circa
1228 1716 1352 1754 Idam.

239 1796 314 1846 τῆς
344 1789 539 1846 δ’ἇγρίας
562 1791 768 1847 (πεύκης)
796 1792 875 1834 δύο
895 1794 1009 1846 γένη·
1042 1793 1226 1833 καλοῦσι
1246 1792 1295 1833 δὲ
1319 1792 1396 1846 τὴν
1414 1793 1494 1846 μὲν
1512 1791 1662 1834 ἰδαιάν

184 1869 261 1923 τὴν
293 1869 341 1910 δὲ
372 1871 613 1926 παραλίαν.
673 1869 739 1910 Ita
769 1869 1087 1925 Theophrastus
1117 1871 1191 1910 ΠΙ.
1223 1870 1260 1912 9.
1292 1872 1328 1912 1.

296 1947 436 1989 Sensit
467 1947 546 1988 hoc
578 1947 747 2003 quidem
779 1947 809 1989 I.
843 1962 883 2002 p.
914 1947 983 1988 VI.
1016 1951 1166 2000 ,laricis
1196 1947 1277 2000 D2,
1326 1948 1438 2004 quod
1469 1962 1563 1989 cum
1594 1962 1659 1989 se-

186 2025 412 2080 quentibus
456 2030 572 2067 esset
610 2025 900 2080 iungendum‘,
947 2025 1178 2067 deteriores
1210 2031 1352 2067 tamen
1382 2027 1509 2067 libros
1541 2027 1660 2082 sequi

183 2103 341 2145 maluit.

766 2185 1079 2240 60:12‚23.
1688 2197 1767 2241 261

253 2284 460 2345 Quidam
496 2268 786 2356 arbitanffaeur
826 2283 1038 2348 (picem)
1081 2285 1129 2332 in
1166 2285 1436 2334 montuosis
1476 2284 1660 2344 (larici-

249 2373 368 2431 bus)
429 2372 571 2436 copia
620 2373 1024 2436 praestantiorem
1076 2388 1138 2424 ac
1174 2373 1338 2423 colore
1388 2378 1435 2422 et
1472 2372 1660 2422 dulcio-

248 2475 349 2509 rem
387 2460 510 2519 fieri,
566 2461 769 2511 odorem
819 2476 1015 2525 quoque
1066 2462 1360 2527 gratiorem‚
1417 2461 1532 2509 dum
1583 2476 1659 2509 re-

250 2549 356 2598 sina
391 2549 465 2598 sit.

295 2637 614 2692 Theophrastus
646 2637 673 2677 l.
705 2636 731 2677 l.
763 2637 800 2680 2.
839 2637 1190 2694 πιττωδέστερον
1230 2636 1339 2687 ὅλως
1375 2636 1423 2680 τὸ
1458 2637 1657 2692 δένδρον,

184 2718 428 2774 μελαντέρα
460 2715 509 2757 δὲ
538 2719 664 2774 πίττῃ
695 2719 768 2757 καὶ
797 2717 1038 2773 γλυκυτέρα
1057 2720 1130 2758 καὶ
1159 2717 1404 2774 λεπτοτέρα
1436 2719 1510 2757 καὶ
1550 2715 1656 2758 εὐω-

183 2796 376 2853 νεστέρα.
435 2793 515 2835 Oui
550 2794 642 2835 loco
681 2794 888 2850 simulque
919 2793 1193 2836 concinnitati
1223 2798 1458 2836 structurae
1489 2807 1649 2835 consu-
