1914 3237
216 1027 241 1067 Εἰ

247 1027 269 1066 *³1

309 153 386 194 12ss
901 153 1031 195 Liber
1062 154 1175 197 VII.

414 275 566 316 Nicaei
595 289 752 317 nomen
786 278 827 318 in
858 277 963 319 viris
993 278 1229 319 inauditum
1260 286 1328 320 est
1357 279 1482 330 alias,
1513 293 1649 335 quare
1683 280 1768 322 levi

302 353 494 395 sortasse
524 356 761 398 mutatione
790 357 1069 398 scribendum
1087 366 1156 399 cst
1186 359 1360 402 Niciae.
1423 359 1628 402 Ceterum
1657 359 1770 402 haec

300 446 384 473 non
418 447 471 474 ex
497 434 750 477 Aristotelis
780 435 902 478 libris
931 438 1223 492 transscripta
1258 452 1359 479 esse
1388 440 1611 492 videntur,
1656 453 1768 494 quos

299 511 427 552 all'ert
458 521 559 566 post
588 513 696 556 alios
733 515 937 570 Silligius.
994 517 1150 572 Neque
1190 518 1300 558 enim
1330 518 1497 558 Niciam
1529 519 1770 560 nominavit

298 589 562 632 Aristoteles
590 606 732 647 neque
769 592 1023 647 Byzantium
1054 594 1272 636 hominem
1304 596 1559 650 appellavit,
1588 598 1667 637 sed
1698 597 1767 638 vel

299 669 493 709 Siculum
526 669 935 714 llist.anim.vll.6.
966 672 1034 714 vel
1067 673 1219 714 Eleum
1252 675 1320 716 De
1351 683 1460 729 part.
1488 677 1618 719 anim.
1650 677 1678 718 l.
1704 677 1765 718 18.

296 746 509 789 Fortasse
540 749 765 802 anui-ide,
799 750 965 804 utalia,
996 753 1423 805 acceperatjl'linius
1455 768 1581 808 quem
1613 754 1766 797 librum

295 825 382 882 περὶ
412 827 597 883 ἀγώνων
621 829 861 883 scripsisse
892 837 1082 873 constat.
1142 831 1293 871 Obiter
1325 845 1482 872 moneo
1511 833 1549 887 ᾗ.
1569 833 1639 876 50.
1669 834 1766 874 sine

297 906 427 948 dubio
462 914 580 948 recte
614 907 857 948 Pintianum
886 907 1127 961 scripsisse
1159 907 1282 947 tertio
1308 914 1440 963 partu
1469 915 1510 949 et
1540 924 1734 951 avorum.

736 1018 800 1065 67
819 1042 865 1060 =
888 1019 967 1079 15,
989 1018 1050 1066 13
1072 1018 1320 1079 et16‚14.

360 1117 497 1183 Ergo
544 1135 653 1166 cum
698 1119 910 1183 gravidis
950 1119 1095 1168 fluxit
1131 1119 1521 1186 (menstruum),
1568 1121 1764 1170 invalidi

362 1216 444 1257 aut
489 1226 586 1257 non
632 1209 801 1259 vitales
846 1218 1014 1275 partus
1066 1210 1278 1258 eduntur
1328 1217 1410 1258 aut
1454 1211 1658 1272 saniosi‚
1709 1219 1763 1259 ut

361 1308 531 1348 auctor
567 1307 643 1348 est
675 1300 917 1365 Nigidius.

358 1390 496 1438 Idem
535 1391 608 1437 lac
642 1390 849 1437 feminae
886 1406 981 1437 non
1014 1389 1259 1454 corrumpi
1298 1389 1442 1437 alenti
1479 1395 1687 1453 partum,
1720 1388 1761 1437 si

359 1497 422 1528 ex
457 1479 631 1528 eodem
665 1481 770 1530 viro
808 1498 981 1529 rursus
1019 1481 1316 1546 conceperit,
1354 1481 1630 1529 arbitratur.

356 1569 627 1633 Incipiente
672 1577 832 1617 autem
880 1570 973 1618 hoc
1011 1577 1140 1618 statu
1183 1579 1266 1618 aut
1298 1571 1552 1618 desinente
1587 1587 1758 1619 eonce-

356 1666 468 1724 ptus
505 1659 719 1707 facillimi
753 1660 1011 1708 traduntur
1051 1664 1131 1706 rel.

399 1772 653 1813 Secundum
684 1773 951 1813 enuntiatum
987 1773 1042 1813 ab
1082 1771 1123 1815 h.
1146 1772 1171 1813 l·
1204 1786 1390 1826 prorsus
1427 1772 1615 1814 alienum
1655 1787 1757 1815 esse

287 1850 383 1904 quis
414 1858 481 1891 est
512 1851 612 1904 quin
643 1850 815 1891 videat?
874 1850 1108 1891 Artissime
1141 1851 1253 1891 enim
1286 1851 1457 1891 tertium
1486 1865 1583 1892 cum
1616 1852 1755 1905 primo

287 1928 533 1970 cohaerere
570 1929 641 1970 vel
682 1943 735 1970 eo
779 1930 1129 1979 demonstratur,
1165 1931 1281 1984 quod
1320 1929 1437 1970 hunc
1470 1936 1629 1970 statum
1669 1946 1754 1972 non

285 2021 381 2048 eum
415 2008 516 2047 dicit
543 2006 720 2057 Plinius,
752 2007 823 2060 qui
852 2015 954 2061 post
985 2008 1264 2061 puerperium
1297 2007 1454 2050 alentis
1483 2009 1539 2050 sit
1569 2009 1756 2050 feminae

283 2086 363 2126 sed
391 2099 487 2126 euin
516 2100 600 2140 quo
633 2084 865 2126 facillimus
896 2092 1141 2138 conceptus
1174 2085 1258 2126 liat.
1334 2086 1473 2133 Quem
1508 2100 1604 2126 cum
1636 2101 1756 2127 men-

283 2166 392 2206 sium
432 2165 550 2206 initio
589 2172 631 2206 et
669 2164 754 2206 line
791 2164 886 2205 fere
916 2164 1194 2205 coniunctum
1225 2177 1327 2205 csse
1360 2171 1402 2204 ct
1432 2171 1592 2218 postea
1625 2165 1753 2206 Gale·

281 2258 363 2284 nus
394 2243 461 2284 Dc
491 2244 603 2285 uteri
635 2244 812 2287 dissect.
841 2258 880 2284 e.
906 2243 971 2284 10.
1015 2244 1178 2285 diserte
1219 2243 1363 2284 retulit
1406 2251 1447 2284 et
1486 2244 1752 2286 Aristoteles

282 2320 390 2362 llist.
408 2321 537 2361 anim.
555 2320 645 2362 Vll.
666 2321 702 2363 ἱ).
734 2322 1020 2363 indicaverat.
1078 2321 1233 2376 Neque
1265 2335 1370 2362 vcro
1404 2323 1752 2377 transponendo,

280 2407 326 2440 ut
357 2399 397 2439 in
427 2400 477 2441 iis
509 2400 634 2453 locis,
666 2414 777 2454 quos
810 2413 947 2453 supra
975 2400 1290 2453 tractabznnus>
1326 2400 1463 2440 verba
1496 2400 1619 2441 Plinii
1651 2415 1752 2455 per-

279 2480 427 2519 sanari
466 2487 693 2532 poterunt,
734 2494 862 2533 quum
900 2479 1058 2533 Nigidii
1102 2492 1228 2533 quem
1267 2493 1316 2519 se
1356 2486 1581 2519 auctorem
1625 2480 1751 2534 sequi

279 2570 391 2597 voce
421 2557 548 2597 Idem
581 2558 792 2607 declarat,
824 2572 1037 2613 nusquam
1065 2566 1300 2612 practerea
1330 2559 1370 2598 in
1391 2565 1481 2598 toto
1499 2557 1608 2598 libro
1632 2572 1750 2599 men·

279 2636 337 2676 tio
374 2634 458 2675 fiat.
529 2636 744 2689 Nigidium
785 2644 928 2676 autem
965 2635 1085 2677 libris
1126 2637 1179 2677 de
1216 2635 1471 2676 animalibus
1509 2635 1748 2677 Aristotele

278 2721 520 2767 praeeunte
540 2714 593 2755 de
614 2722 742 2768 partu
757 2714 947 2755 lnnnano
975 2715 1227 2768 disputasse
1246 2714 1449 2764 arbitror,
1480 2726 1607 2767 quum
1636 2728 1748 2769 opus

277 2792 365 2845 „de
392 2791 615 2834 hominum
646 2791 970 2844 naturalibus“,
1001 2792 1059 2834 ad
1088 2791 1204 2847 quod
1235 2790 1382 2834 locum
1408 2798 1606 2835 nostrum
1637 2792 1746 2836 Rut-
