1914 3237
254 121 312 163 40
858 117 990 160 Liber
1018 117 1125 161 111.

259 245 325 287 De
359 245 457 299 ipso
489 253 673 285 numero
703 254 791 284 non
824 240 1022 297 disputo:
1052 241 1171 297 apud
1190 240 1376 283 Plinium
1405 253 1516 283 vero
1545 241 1733 284 eundem

256 322 579 366 restituendum
601 334 705 364 esse
724 334 890 364 censeo
908 334 1036 376 quem
1056 320 1099 362 in
1116 320 1326 363 Antonini
1347 321 1572 363 itinerario
1588 319 1733 376 p.516.

256 402 518 456 reperimus.
568 400 890 443 Enumerantur
918 400 975 442 ibi
1005 401 1151 442 stadia
1183 399 1296 442 CCC
1325 401 1369 442 id
1395 407 1465 443 est
1494 399 1628 455 paulo
1659 399 1735 441 mi·

255 494 341 522 nus
361 480 459 521 VIII
478 479 594 521 milia
614 493 838 534 passuum.
872 479 1167 522 Scribendum
1183 486 1252 520 est
1281 479 1433 533 igitur:
1465 478 1731 534 VIIIMp.,

253 560 340 601 nisi
370 558 485 601 forte
519 559 647 599 etiam
680 558 721 599 in
747 559 976 600 Itinerario
1019 573 1101 613 pro
1133 557 1248 600 CCC
1279 557 1514 613 legendum
1543 568 1734 598 censeas

256 637 422 681 CCCL.
460 636 620 678 Mirum
644 644 879 691 praeterea
898 638 1116 689 videatur,
1134 651 1230 678 cum
1248 636 1413 691 Lipara
1436 636 1580 691 potius
1604 648 1734 691 quam

255 732 356 759 cum
376 717 514 758 Hiera
530 716 803 772 Strongylen
820 715 1006 758 insulam
1031 716 1296 770 comparari,
1328 729 1458 770 quum
1475 715 1533 756 ibi
1554 726 1733 769 quoque

254 796 458 837 flammas
475 809 709 851 erumpere
735 810 823 837 non
845 796 1006 837 dixerit
1028 795 1214 843 Plinius3
1245 801 1376 848 atque
1405 795 1548 848 possit
1577 792 1734 849 aliquis

252 875 351 916 sive
377 873 586 916 Cluverio
618 875 840 928 assentiri,
871 874 944 929 qui
977 887 1075 915 cum
1107 872 1260 915 Solino
1285 872 1349 912 12.
1382 879 1426 913 et
1451 871 1650 915 Eustath.
1677 872 1734 912 ad

255 952 440 1007 Dionys.
466 952 564 994 461.
601 967 628 992 a
656 953 808 994 ceteris
844 953 1016 1003 scribit,
1055 952 1150 994 sive
1178 951 1296 1006 quod
1327 951 1528 1006 equidem
1558 950 1735 992 mallem

257 1029 311 1072 ab
336 1030 429 1082 illa,
459 1031 502 1072 id
526 1038 595 1073 est
614 1031 672 1073 ad
688 1030 838 1073 Hiera.
875 1030 994 1072 Nihil
1024 1030 1135 1072 enim
1163 1029 1339 1072 facilius
1354 1029 1449 1072 fieri
1471 1030 1611 1084 potuit
1629 1043 1734 1071 con-

256 1110 394 1151 iicere
411 1122 542 1165 quam
572 1116 618 1151 ut
651 1122 676 1151 e
704 1123 840 1152 versu
870 1111 1104 1165 superiore
1135 1108 1357 1151 vocabula
1379 1108 1644 1164 aLiparain
1662 1121 1732 1151 se-

256 1194 464 1243 quentem
492 1187 607 1230 male
639 1189 1084 1239 transscriberentur,
1113 1201 1244 1243 quum
1263 1188 1526 1241 praesertim
1546 1190 1735 1243 proximi

257 1266 462 1308 vocabuli
496 1268 664 1322 primae
693 1268 868 1310 litterae
900 1267 958 1328 liq
987 1268 1162 1309 scribae
1185 1265 1338 1307 oculos
1355 1265 1598 1309 allicerent.
1640 1268 1734 1310 Sed

257 1359 388 1400 quum
423 1353 467 1387 et
507 1359 534 1388 a
571 1347 795 1390 Strabone
833 1347 908 1388 VI.
945 1361 988 1401 p.
1018 1346 1114 1387 276.
1155 1345 1421 1402 Strongyles
1464 1346 1594 1400 ignes
1634 1360 1733 1390 cum

254 1423 420 1479 Lipara
449 1436 593 1480 aeque
621 1439 675 1468 ac
704 1426 960 1468 Thermissa
989 1425 1084 1467 sive
1109 1424 1246 1468 Hiera
1276 1434 1604 1481 comparentur,
1635 1434 1679 1469 et
1706 1440 1735 1469 a

258 1503 363 1546 Silio
380 1505 534 1546 Italico
549 1505 669 1546 XIV.
687 1505 754 1548 56.
797 1505 962 1559 Lipara
989 1503 1262 1546 flammiferis
1290 1503 1445 1547 insulis
1475 1505 1736 1548 adnumere-

258 1661 521 1706 Peucetiam.

178 1756 233 1796 57
812 1729 908 1778 102
932 1754 978 1773 =
1003 1730 1083 1791 11,
1107 1730 1187 1779 16.

326 1830 596 1879 Brundisio
635 1830 965 1879 conterminus
993 1829 1346 1879 Pediculorum
1379 1847 1521 1896 agerg
1560 1849 1735 1883 novem

258 1590 342 1637 tur,
371 1583 572 1626 codicum
603 1584 714 1627 Mss.
744 1583 1054 1626 auctoritatem
1085 1583 1213 1639 sequi
1243 1590 1454 1638 praestat.
1484 1583 1524 1635 §.
1541 1583 1611 1627 99.
1638 1597 1732 1627 scr.
1906 1546 1914 1669 ’ἓ

1908 1749 1910 1776 ι

330 1921 672 1969 adolescentes
702 1921 1004 1986 totidemque
1050 1919 1263 1984 virgines
1304 1923 1361 1969 ab
1399 1922 1581 1986 Illyriis
1612 1924 1735 1973 XVI
1909 1929 1912 1988 ᾗ

331 2013 541 2077 populos
586 2029 822 2077 genuere.
900 2011 1253 2060 Pediculorum
1299 2011 1478 2076 oppida
1524 2012 1735 2077 Rudiae,
1910 1990 1913 2089 i

326 2102 559 2167 Egnatia,
604 2102 837 2164 Barium,
894 2119 1062 2151 amnes
1105 2103 1267 2167 Iapyx
1311 2118 1340 2149 a
1381 2102 1588 2151 Daedali
1632 2104 1735 2153 filio
1911 2120 1913 2174 !

329 2210 446 2258 rege
479 2210 507 2241 a
537 2210 632 2257 quo
664 2199 713 2241 et
742 2193 964 2258 Iapygia,
997 2192 1216 2254 PactiuS,
1251 2192 1462 2241 Aufidus
1507 2206 1593 2240 etc.
1913 2176 1914 2180 Ἰ

375 2291 453 2334 Sic
480 2299 582 2346 post
610 2291 879 2334 Harduinum
902 2291 1111 2347 Silligius,
1138 2292 1222 2334 nisi
1250 2293 1366 2348 quod
1394 2306 1622 2335 numerum
1654 2299 1739 2335 tre-

261 2370 403 2412 decim
434 2384 458 2412 e
485 2371 638 2413 cod.A
661 2371 704 2412 in
733 2370 838 2412 XVI
866 2371 1060 2415 mutavit.
1118 2371 1238 2413 Inest
1270 2379 1415 2413 tamen
1445 2373 1601 2415 nescio
1633 2375 1736 2429 quid

261 2450 513 2491 inconcinni
548 2457 679 2505 atque
718 2464 745 2492 a
783 2449 1032 2491 fabularum
1066 2449 1309 2492 rationibus
1344 2450 1525 2492 diversi:
1569 2450 1734 2494 ferrem

262 2528 300 2569 si
329 2527 471 2568 XVIII
504 2527 653 2582 populi
682 2537 1031 2570 numerarentur.
1102 2529 1236 2584 Atqui
1255 2529 1335 2569 XII
1361 2529 1557 2570 scribunt
1586 2528 1676 2571 RT
1692 2530 1734 2571 d.

262 2607 352 2647 Iam
381 2607 646 2648 veroVarro
667 2607 774 2649 Rer.
790 2607 905 2650 hum.
926 2607 951 2649 l.
971 2608 1040 2651 lll.
1070 2609 1113 2649 in
1143 2608 1225 2649 XII
1254 2607 1445 2662 populos
1475 2607 1606 2649 dividi
1636 2608 1734 2650 Sal-

259 2684 451 2726 lentinos
476 2693 753 2736 narraverat,
785 2701 826 2740 p.
844 2686 944 2732 205.
972 2687 1039 2730 ed.
1066 2687 1187 2741 Rip„
1217 2685 1274 2728 cf.
1300 2686 1334 2727 F
1339 2693 1422 2730 est.
1444 2699 1482 2726 v,
1501 2685 1732 2728 Salentini.

266 2764 348 2805 Vix
379 2764 510 2819 igitur
541 2764 690 2807 dubito
722 2766 824 2820 quin
854 2766 914 2807 ita
945 2766 1110 2807 Plinius
1143 2765 1261 2807 hunc
1295 2770 1521 2807 auctorem
1550 2773 1736 2808 secutus
