1914 3237
239 103 320 145 232
803 109 919 146 Liber
947 109 980 147 A
993 111 1075 148 XX
1087 111 1151 150 VJ.

240 249 365 290 quam
398 235 543 276 Dalec.
576 237 715 278 attulit
762 251 972 294 quamque
1012 241 1054 282 in
1093 254 1242 282 rasura
1275 241 1301 282 d
1332 242 1564 296 confirmat,
1603 256 1703 294 qnos

240 312 340 353 mihi
374 312 585 367 probatur.

786 484 946 534 Lissfflt
988 486 1165 535 XXXVI.

350 585 461 625 Huic
494 598 660 640 quoquc
691 585 824 640 libro,
874 588 992 629 euius
1024 590 1089 643 QQ.
1119 591 1267 643 9—43,
1299 591 1488 634 64—125
1519 591 1561 631 in
1592 590 1705 632 chre-

241 662 469 703 stomathia
498 662 800 718 interpretatus
849 679 963 718 sum,
1010 673 1178 721 praeter
1216 681 1267 709 ea
1310 681 1419 724 quae
1465 668 1708 723 imprudens

241 741 321 781 iam
355 755 379 781 a
411 741 571 795 Silligio
603 748 792 783 correcta
837 744 1131 798 neglexeram,
1176 747 1301 787 [anus
1348 759 1519 801 operam
1562 746 1707 787 utilem

241 819 387 859 sedulo
420 818 536 859 dedit
566 825 608 860 et
638 820 678 860 in
710 820 780 860 illa
810 821 979 875 quidem
1010 830 1129 878 parte
1161 824 1264 878 §.91
1297 824 1477 865 Strackii
1509 823 1707 865 emenda-

240 897 397 938 tionem
443 905 640 937 lrecenum
678 898 828 938 merito
868 901 1048 955 recepit,
1091 902 1126 955 ἓ.
1161 901 1239 945 106
1284 902 1501 956 eleganter
1543 915 1710 953 superne

242 975 436 1028 coniecit,
468 988 606 1029 pauca
635 973 736 1015 mihi
767 977 1018 1032 corrigenda
1049 979 1229 1035 reliquit.

157 1105 240 1150 790
773 1105 801 1151 4
838 1107 885 1151 et
921 1108 949 1152 5
986 1133 1039 1151 z
1077 1107 1169 1163 2,2.

351 1189 681 1244 Elegantissima
712 1190 903 1231 oratione
935 1192 1112 1246 scriptor
1143 1194 1411 1247 antiquarum
1443 1194 1581 1246 legum
1613 1205 1709 1232 een-

244 1268 807 1309 seriaruminconstantiam
846 1269 1100 1323 insectatur,
1146 1270 1297 1325 quibus
1338 1283 1538 1310 cenarum
1578 1270 1711 1324 parsi-

243 1347 410 1387 moniae
441 1347 689 1400 cavebatur,
735 1347 985 1388 aedificandi
1016 1348 1182 1389 luxuria
1226 1347 1534 1403 negligebatur.
1593 1347 1712 1395 Quae

242 1427 359 1481 leges
391 1425 512 1466 docte
545 1439 593 1467 ac
625 1425 842 1466 verissime
873 1425 967 1466 inB
1016 1414 1312 1465 Claudianae
1365 1425 1630 1481 appellantur
1659 1426 1711 1467 ab

243 1505 382 1559 Appio
417 1508 516 1558 puto
550 1503 726 1544 Claudio
757 1503 940 1544 Pulchro
973 1503 1043 1559 qui
1073 1508 1169 1558 post
1199 1502 1345 1544 Scauri
1380 1503 1640 1545 aedilitatem
1672 1517 1710 1544 a.

244 1582 433 1623 DCCIV.
467 1584 705 1636 importuna
736 1583 963 1622 severitate
992 1582 1244 1637 magistratu
1273 1582 1442 1623 functus
1474 1587 1549 1623 est.
1588 1581 1712 1630 Quod

244 1662 285 1701 in
318 1660 596 1702 deterioribus
628 1660 743 1700 libris
788 1660 879 1701 loeo
912 1660 1028 1700 VIII.
1060 1660 1140 1703 209
1187 1659 1374 1701 adhibito
1426 1660 1468 1701 in
1512 1659 1712 1715 ,glandia‘

244 1743 453 1780 mutatum
477 1743 553 1791 est,
586 1739 693 1779 sicut
723 1739 758 1792 ξ.
789 1739 814 1781 7
844 1739 1035 1792 ,Palatio‘
1066 1739 1109 1779 in
1140 1738 1288 1791 ,atrio‘,
1339 1752 1465 1794 quam
1488 1738 1712 1779 lectionem

246 1818 279 1858 si
310 1817 566 1872 probaveris,
598 1830 692 1857 cum
713 1817 943 1857 editoribus
966 1821 1062 1871 post
1087 1831 1123 1858 v.
1156 1817 1297 1870 ,cenis‘
1328 1816 1712 1872 interpungendum

246 1901 322 1936 est.
382 1895 460 1936 Illa
498 1900 640 1935 autem
689 1895 971 1950 pulcherrima
1009 1895 1228 1935 altercatio
1272 1909 1383 1936 nune
1413 1908 1545 1949 prava
1586 1895 1713 1935 inter-

247 1974 475 2029 punctione
520 1973 782 2014 obscuratur.
842 1973 1073 2028 Postquam
1113 1973 1223 2013 enim
1265 1986 1360 2013 eum
1399 1973 1469 2028 qui
1507 1973 1714 2014 maiorum

248 2065 420 2094 causam
452 2051 762 2092 defendendam
794 2051 981 2105 suscepit
1012 2050 1220 2091 dicentem
1249 2049 1349 2091 fecit
1379 2064 1478 2102 ,non
1509 2050 1620 2091 enim
1653 2050 1714 2090 in-

248 2130 522 2172 vehebantur‘
571 2130 859 2184 (marmora),
912 2129 1090 2184 scriptor
1133 2127 1383 2183 respondet:
1442 2128 1499 2180 ,id
1544 2127 1714 2183 quidem

249 2209 354 2249 falso
385 2233 437 2237 —
467 2208 633 2249 silentio
679 2208 847 2262 leguni‘.
908 2209 985 2260 At,
1026 2207 1160 2262 inquit
1190 2206 1280 2247 ille:
1327 2206 1416 2258 ,sed
1447 2205 1625 2261 publicis
1656 2205 1715 2245 ni-

250 2287 399 2326 mirum
430 2286 700 2340 indulgentes
746 2285 1060 2341 voluptatibus.‘
1120 2284 1198 2325 Cui
1245 2284 1310 2325 his
1354 2284 1490 2325 verbis
1537 2283 1718 2325 occurrit

250 2364 432 2405 Plinius:
493 2364 548 2416 ,id
586 2365 724 2419 ipsum
768 2365 883 2404 cur}ak
913 2364 986 2404 rel.
1046 2362 1265 2417 Disputari
1298 2363 1410 2403 enim
1441 2375 1535 2403 eum
1567 2361 1715 2402 adver-

252 2443 361 2483 sario
392 2442 541 2482 iisdem
566 2442 705 2483 verbis
736 2442 909 2492 ,Verum
941 2446 1046 2494 esto,
1078 2441 1328 2482 indulserint
1359 2440 1538 2495 publicis
1570 2439 1716 2494 volup-

252 2521 422 2562 tatibus‘
468 2520 658 2562 efficitur.
717 2521 867 2576 Itaque
906 2520 1122 2575 scriptoris
1153 2519 1387 2561 orationem
1423 2519 1483 2560 sie
1515 2517 1717 2572 distingui

252 2602 405 2643 rectius
437 2606 632 2655 apparet:

310 2684 423 2721 [sicat
451 2683 621 2729 sortasse
666 2683 810 2729 aliquis
865 2691 953 2724 ,non
996 2681 1093 2718 enim
1132 2678 1446 2718 inveleebmztur‘:
1486 2678 1530 2716 id
1564 2678 1719 2726 quidem

305 2765 409 2810 falso
420 2778 434 2811 ,·
466 2768 663 2801 trecentas
680 2763 755 2802 LX
777 2762 981 2799 columnas
1002 2760 1055 2798 M.
1081 2760 1228 2798 Scauri
1247 2759 1448 2796 crediturae
1466 2780 1519 2785 —
1540 2758 1720 2795 viderunt
