1914 3237
275 168 356 209 128
859 169 974 208 Liber
1002 168 1170 208 XXIII.

275 302 528 353 conquestus
562 302 626 338 est
657 298 758 349 Sill.,
789 298 948 340 scilicet
975 298 1090 339 libris
1118 297 1236 339 MSS.
1272 301 1430 338 temere
1462 299 1625 352 spretis
1659 297 1738 346 Qui

274 390 399 431 quum
431 390 513 416 non
545 379 601 415 ad
629 375 702 415 sed
734 384 769 415 et
799 381 969 417 tormina
1001 376 1205 428 habeant,
1246 375 1512 416 scribendum
1544 381 1628 416 est:

336 456 376 493 Γ.
407 469 444 494 a.
476 468 510 494 v.
537 456 570 502 f.
598 468 630 494 s.
662 457 697 493 d.
729 458 832 506 eins,
880 458 968 495 item
992 458 1092 493 ce'nis
1121 463 1160 493 el
1188 458 1383 501 tormimu
1418 462 1539 505 polus
1578 459 1616 495 in
1648 459 1738 495 vino

327 536 416 571 albo
447 536 485 572 in
517 536 615 572 vulv.
647 545 681 572 v.
711 544 741 572 e.

162 606 242 650 5⁰2
845 635 935 682 109
974 655 1013 672 =
1052 636 1178 690 6‚58.

339 720 511 784 punica
549 720 690 769 acida
726 718 874 768 inulta
909 720 1190 769 tunduntur.

382 808 692 848 Vocabulorum
725 811 844 847 acida
875 812 995 848 multa
1027 822 1135 863 quae
1167 822 1249 849 non
1274 807 1540 862 reperiuntur
1570 807 1610 846 in
1643 807 1735 847 cod.

271 900 309 937 a,
341 886 517 925 alterum
549 899 629 926 non
664 886 950 926 necessarium
982 890 1066 938 est,
1109 900 1205 927 nam
1238 885 1290 925 de
1322 885 1473 925 acerbo
1505 884 1614 924 malo
1646 890 1736 925 tan-

271 969 356 1003 tuin
389 963 547 1017 agitur,
594 964 770 1003 alterum
809 943 995 1018 ineptum
1043 977 1137 1005 esse
1174 965 1256 1004 iani
1290 962 1376 1004 Sill.
1417 962 1735 1003 animadvertit:

270 1042 410 1096 itaque
440 1041 597 1096 optimo
629 1041 733 1081 libro
766 1046 937 1083 auctore
969 1042 1253 1097 expungenda
1283 1054 1376 1081 esse
1407 1040 1596 1081 arbitror.

160 1108 238 1152 ⁵03
845 1124 935 1170 113
970 1135 1023 1155 =
1062 1124 1184 1178 6,60.

334 1207 444 1257 tosti
485 1209 711 1272 tunsique
757 1208 1060 1257 stomachum
1098 1209 1264 1256 iuvant
1316 1206 1424 1255 cibo
1461 1211 1542 1254 aut
1580 1206 1737 1270 potio-

336 1296 476 1344 nibus
514 1296 744 1360 inspersi3
801 1295 1027 1345 bibuntur
1064 1313 1122 1346 ex
1161 1310 1286 1359 aqua
1337 1294 1537 1343 caelesti
1574 1293 1635 1341 ad
1673 1294 1738 1342 si-

335 1384 562 1433 stendum
597 1383 774 1432 alvum.

379 1472 473 1513 Non
505 1477 675 1524 inspersa·
705 1471 872 1512 codices
905 1471 1076 1524 habent,
1108 1470 1183 1512 sed
1209 1484 1283 1522 per
1297 1484 1350 1510 se.
1386 1469 1609 1511 Contraria
1639 1477 1736 1510 sunt

270 1551 377 1592 acini
409 1551 449 1590 in
481 1551 574 1591 cibo
606 1555 678 1592 aut
708 1550 879 1604 potione
904 1550 1058 1604 sumpti
1078 1550 1126 1589 iis
1148 1549 1217 1603 qui
1239 1562 1313 1600 per
1340 1562 1382 1588 se
1414 1547 1620 1588 bibuntur.
1653 1547 1737 1588 Ita-

269 1644 349 1684 que
381 1629 649 1670 scribendum
680 1634 765 1669 est:

326 1716 348 1747 l.
382 1716 406 1747 l.
438 1722 469 1747 s.
500 1711 524 1747 τ’.
557 1721 588 1748 c.
621 1722 657 1746 α.
686 1710 926 1756 potionibus,
952 1719 1028 1757 per
1057 1719 1099 1745 Se.
1130 1708 1205 1745 bib.
1237 1718 1268 1744 e.
1301 1718 1339 1743 a.
1365 1718 1394 1744 c.
1429 1717 1463 1743 a.
1495 1717 1526 1744 S.
1559 1717 1594 1744 a.

159 1796 238 1838 504
496 1800 586 1846 122
606 1819 650 1838 ε
676 1799 799 1854 7,63.
830 1796 917 1857 (de
958 1795 1049 1845 fico
1076 1795 1222 1843 sicca
1256 1794 1518 1858 loquitur),

341 1885 463 1935 Utile
502 1890 548 1934 et
589 1886 796 1935 decocto
835 1885 1003 1934 fovere
1035 1898 1199 1932 earum
1238 1882 1452 1931 feminas,
1490 1881 1736 1930 Decoctae

335 1989 531 2038 quoque
569 1975 772 2022 eaedem
830 1987 936 2020 cuin
975 1971 1087 2020 feno
1127 1970 1315 2020 Graeco
1365 1969 1507 2018 utiles
1543 1973 1655 2017 sunt
1693 1973 1739 2016 et

337 2062 602 2127 pleuriticis
647 2065 694 2110 et
731 2059 1190 2125 perii‘ineunionicis.
1261 2059 1378 2107 Cum
1428 2062 1533 2106 ruta
1568 2061 1737 2106 coctae

340 2150 624 2199 torminibus
661 2153 889 2214 prosunt,
923 2148 1145 2196 tibiarum
1184 2145 1428 2195 ulceribus
1467 2160 1575 2194 cuni
1612 2144 1738 2192 ueris

338 2239 455 2288 ssorc
494 2243 586 2286 etc.

386 2329 538 2367 Locum
584 2326 686 2366 satis
732 2325 979 2380 impeditum
1017 2324 1143 2364 Ianus
1194 2322 1533 2377 interpunctione
1579 2324 1755 2360 mutata.

275 2406 456 2446 correxit
488 2405 688 2445 laudabili
719 2405 787 2444 ille
819 2403 987 2458 quidem
1018 2404 1235 2454 instituto,
1282 2405 1433 2442 eventu
1463 2400 1738 2453 improspero.

274 2484 383 2524 Duin
416 2483 525 2523 enini
557 2483 680 2523 Plinii
712 2482 841 2523 verba
870 2482 929 2522 sic
961 2481 1152 2522 ordinat:
1183 2496 1219 2521 u.
1252 2494 1284 2521 e.
1317 2482 1353 2520 cl.
1382 2482 1413 2528 f.
1444 2491 1593 2528 etu-um,
1622 2479 1739 2524 lemi—

274 2577 346 2602 nas
375 2575 529 2612 qnoque
559 2565 722 2601 decocto
753 2564 887 2600 eodem
918 2573 950 2602 c,
979 2564 1009 2609 l}
1045 2564 1210 2600 Graeco.
1244 2562 1354 2598 miles
1383 2572 1411 2596 s,
1444 2570 1474 2597 e.
1501 2570 1542 2606 p.
1574 2567 1605 2596 e.
1633 2557 1738 2605 peri-

269 2644 526 2692 pleumonicis
558 2640 642 2687 (ita
672 2639 782 2680 enim
813 2638 979 2685 scribit)
1028 2651 1113 2678 cum
1160 2644 1252 2677 ruta
1303 2643 1441 2676 coctae
1485 2641 1521 2673 et
1562 2636 1740 2672 omnibus

271 2725 451 2771 prosum,
483 2721 547 2759 (il).
581 2723 681 2768 etc.a
721 2716 981 2757 Dioscoridis
1013 2716 1306 2756 auctoritatem
1337 2712 1543 2753 immerito
1575 2710 1740 2751 videtur

276 2797 515 2852 neglexisse
561 2808 694 2849 caque
746 2795 904 2848 primus
948 2793 1224 2834 addubitasse
1280 2790 1431 2844 quibus
1485 2789 1739 2844 reliquorum
