1914 3237
256 143 336 184 142
835 141 967 184 Liber·
995 142 1141 186 VIII.

255 273 298 307 ct
322 271 399 309 n.“
429 278 483 308 ea
512 268 599 307 iam
619 264 754 317 inest,
785 265 917 307 modo
941 264 1067 307 aliter
1090 266 1469 321 interpungantur.
1516 266 1717 323 Namque

252 356 291 386 v.
309 343 439 384 simul
464 343 521 384 ad
550 356 620 385 vv.
651 350 811 384 necant
839 351 882 386 et
911 347 1158 385 moriuntur
1189 347 1388 401 pertinet.
1424 345 1569 387 Scribi
1590 347 1720 400 igitur

252 427 450 475 oportet:

355 505 515 541 necant
542 498 643 540 illae
670 499 800 540 simul
825 500 954 541 odore
982 502 1330 562 moriunturque,
1362 506 1403 542 et
1432 516 1478 542 n.
1508 516 1549 557 p.
1580 514 1614 541 c.

146 623 223 665 177
813 602 877 651 82
898 625 949 646 =
968 604 1048 664 22,
1068 591 1147 651 34'.

313 704 373 753 Id
410 720 603 768 quoque
643 703 895 763 Fabius,
943 703 1146 751 eandem
1182 703 1408 767 recipere
1445 710 1646 752 vestem.

356 805 425 846 De
455 803 677 846 Arcadiae
699 800 1004 856 versipellibus
1035 817 1164 858 quum
1192 802 1343 856 plures
1373 810 1584 844 auctores
1614 815 1715 843 con-

245 884 430 925 suluerit
461 883 640 932 Plinius,
672 882 920 922 Romanum
950 895 1124 937 quoque
1149 881 1349 923 adhiberi
1380 895 1466 923 non
1499 889 1567 923 est
1597 882 1715 937 quod

246 961 430 1002 mireris.
498 960 610 1000 Nam
648 971 761 1014 quae
798 958 943 999 statim
978 966 1222 1014 sequuntur
1262 946 1588 1012 „Mirum'est²
1627 973 1713 1015 quo

243 1040 459 1095 procedat
496 1038 677 1079 Graeca
717 1034 1015 1087 credulitas“‚
1055 1037 1112 1076 ad
1154 1036 1304 1077 miram
1349 1037 1402 1078 de
1439 1038 1712 1079 Demaeneto

242 1122 337 1162 sive
365 1117 618 1161 Demarcho
646 1116 940 1158 narrationem
972 1116 1201 1170 pertinent.
1259 1115 1441 1157 Fabium
1473 1124 1617 1158 tamen
1641 1117 1713 1172 qui

241 1200 347 1241 talia
377 1198 626 1253 prodidisse
656 1196 875 1246 videatur,
905 1195 1068 1236 nullum
1098 1196 1211 1237 novi.
1270 1196 1381 1236 Nam
1413 1195 1595 1237 Fabium
1625 1196 1711 1238 Ve-

241 1279 418 1332 stalem,
446 1278 517 1333 qui
548 1277 644 1317 Vll.
675 1275 767 1316 ⁶213.
797 1274 1024 1323 laudatur,
1054 1275 1137 1315 iam
1167 1287 1303 1327 supra
1333 1290 1376 1329 p.
1393 1274 1431 1314 7.
1465 1275 1519 1314 de
1547 1274 1710 1315 Roma-

239 1372 393 1400 norum
416 1357 688 1411 potissimum
716 1355 1045 1410 antiquitatibus
1065 1354 1213 1409 egisse
1234 1353 1494 1397 monuimus,
1525 1353 1584 1394 At
1601 1366 1710 1395 vero

240 1436 445 1491 Papirius
474 1435 715 1487 Fabianus,
745 1433 799 1473 de
829 1446 915 1487 quo
938 1431 995 1472 M.
1012 1431 1191 1473 Seneca
1223 1431 1422 1473 Prooem.
1449 1431 1707 1473 controv-Il.

237 1522 281 1556 et
301 1515 348 1555 L.
367 1514 543 1555 Seneca
565 1512 701 1566 Epist.
733 1510 780 1553 C.
812 1510 1069 1552 conferendi
1096 1517 1212 1560 sunt,
1244 1517 1333 1551 tum
1364 1511 1418 1552 de
1448 1524 1593 1552 rerum
1623 1523 1706 1552 na-

235 1601 333 1635 tura
362 1593 404 1633 in
435 1591 687 1632 universum
716 1595 804 1629 tum
835 1588 888 1628 de
909 1586 1130 1628 miraculis
1161 1589 1423 1641 praesertim
1453 1589 1704 1643 disputavit.

235 1671 368 1714 Cf.11.
390 1670 486 1721 121,
506 1667 602 1718 223,
633 1665 788 1717 1X.24‚
806 1665 898 1706 ΧΠ.
916 1663 1012 1718 200,
1038 1663 1133 1705 XV.
1147 1664 1197 1716 4,
1227 1664 1380 1706 xxm.
1400 1664 1475 1719 62,
1503 1665 1704 1707 XXVlll.

231 1750 302 1802 54,
332 1744 640 1790 XXXV1.125.
681 1744 832 1791 Quare
861 1742 906 1786 h.
930 1741 957 1784 l.
987 1741 1140 1798 legere
1169 1749 1389 1796 praestat:
1418 1742 1702 1785 Fabianus.

129 1877 208 1918 178
860 1853 1065 1901 Ibidem.

299 1959 508 2009 eundem
553 1956 744 2005 decimo
781 1970 904 2001 anno
949 1952 1226 2000 restitutum
1265 1953 1522 2002 athleticae
1570 1970 1700 2002 cer-

296 2058 461 2099 tasse
497 2048 556 2095 in
592 2046 874 2111 pugilatu
904 2044 1326 2108 victoremque
1358 2044 1588 2108 Olympia
1622 2061 1698 2093 re-

296 2155 507 2189 versum.

338 2229 481 2270 Recte
512 2225 707 2280 Silligius
736 2224 891 2266 eiectis
924 2221 1230 2278 dittographiis
1260 2221 1458 2263 codicum
1491 2230 1533 2265 et
1563 2225 1695 2266 inter-

227 2307 453 2364 polatione
492 2304 593 2345 inde
630 2311 726 2344 orta
761 2302 963 2356 scripsit:
1009 2301 1253 2341 restitutum
1283 2298 1510 2341 athleticae
1540 2303 1586 2342 in
1617 2317 1694 2359 pu-

223 2388 360 2446 qilatu
405 2386 691 2443 victoremque
726 2380 925 2437 Olympia
959 2394 1178 2420 reversum
1221 2378 1510 2429 „Athleticae
1548 2388 1692 2422 tamen

224 2467 266 2506 in
286 2462 508 2519 pugilatu“
538 2475 669 2515 quum
693 2459 774 2499 dici
806 2465 997 2513 nequeat
1026 2464 1069 2498 et
1101 2456 1352 2497 accuratior
1376 2458 1587 2499 victoriae
1617 2460 1693 2500 de-

225 2543 411 2599 signatio
434 2541 727 2593 desideretur,
758 2538 1041 2593 transpositis
1062 2537 1209 2578 verbis
1241 2536 1413 2578 duobus
1442 2536 1500 2577 ita
1519 2537 1690 2578 demum

224 2620 471 2665 emendatio
503 2618 779 2673 perficietur:

278 2700 524 2740 restitutum
553 2695 782 2736 athleticae
814 2694 1101 2753 victoremque
1134 2692 1180 2732 in
1206 2690 1402 2748 puqilatu
1433 2690 1484 2733 0.
1514 2706 1549 2733 r.

334 2779 376 2834 §.
397 2775 465 2819 85.
500 2775 667 2830 primus
698 2773 946 2816 Salmasius
975 2787 1019 2827 p.
1034 2770 1128 2814 339.
1166 2783 1193 2812 e
1222 2769 1350 2813 codd.
1380 2770 1560 2826 scripsit
1589 2777 1631 2813 et
1659 2786 1687 2812 a
