1914 3237
788 217 919 259 Liber
948 218 979 259 I
977 218 1010 259 I
1009 249 1018 260 .
1595 221 1646 263 13

170 355 248 385 eos
281 343 376 384 dies
415 343 556 384 visam
595 354 698 382 esse
733 340 993 382 narraverit.
1065 338 1216 394 ltaque
1245 340 1469 385 Mem-sius
1499 351 1542 386 et
1571 346 1644 400 qui

169 435 267 463 eum
299 427 480 463 secutus
514 427 582 462 est
602 419 801 461 Idelerus
825 419 881 459 ad
905 417 1088 460 Aristot.
1113 417 1141 458 l.
1163 417 1189 458 I.
1212 418 1396 461 alterum
1417 435 1643 466 numerum

166 500 285 553 apud
320 498 500 540 Plinium
539 500 582 540 in
620 497 877 540 CCCCXIII
910 497 1161 538 mutandum
1192 498 1473 543 arbitrantur.
1531 503 1644 545 Nam

164 578 267 619 licet
298 577 513 619 CCCXIII
543 591 621 619 eos
653 577 800 630 inepte
833 576 1073 630 scripsisse
1093 576 1240 618 tradat
1260 576 1469 633 Silligius‚
1497 580 1644 623 volue-

164 663 265 697 runt
294 656 411 697 haud
441 657 570 698 dubie
588 655 843 697 CCCCXIII
871 655 1085 705 scribere,
1115 655 1175 696 ita
1205 662 1251 696 ut
1280 655 1351 696 hic
1381 671 1555 713 quoque
1585 660 1644 701 ad

165 735 466 776 coniecturam
499 735 842 791 confugiendum
873 747 977 775 esse
1006 734 1221 775 videatur.
1267 735 1334 776 Ne
1358 735 1446 778 hoe
1467 738 1642 792 quidem

163 813 323 868 placet.
386 815 527 861 Quum
563 815 676 855 enim
707 814 770 855 R2
799 813 1066 867 scripturam
1100 812 1236 854 CVIII
1264 814 1306 854 in
1337 813 1414 855 CV
1446 824 1641 858 mutave·

162 893 235 945 rit,
269 893 430 948 aliquid
462 892 621 934 saltem
650 893 692 933 in
714 893 959 948 archetypo
992 892 1103 933 libro
1132 893 1390 948 repperisse
1420 896 1641 948 putandus

164 982 232 1013 est
248 972 455 1013 librarius
481 972 598 1027 quod
624 986 648 1012 a
670 972 817 1026 priore
839 971 936 1012 cod.
954 970 1014 1011 R1
1029 970 1222 1013 lectione
1241 972 1516 1017 abhorreret.
1548 975 1641 1018 Sci-

161 1050 266 1091 licet
282 1051 355 1091 ubi
375 1051 578 1091 diviseris
599 1063 808 1091 numeros
825 1049 980 1090 CVIIII
997 1050 1039 1090 in
1056 1050 1146 1092 CV.
1159 1051 1249 1101 1111,
1269 1051 1485 1107 intelliges
1508 1053 1640 1096 inter·

162 1128 408 1182 polatorem
441 1142 527 1169 non
559 1128 855 1183 olympiadem
887 1130 1170 1170 centesimam
1200 1141 1361 1170 nonam
1388 1131 1493 1185 (seu
1520 1139 1639 1174 octa·

159 1207 297 1260 vam),
327 1209 407 1249 sed
442 1207 706 1263 olympiadis
741 1196 1012 1249 centesimae
1042 1210 1223 1263 quintae
1255 1223 1415 1251 annum
1436 1218 1637 1265 quartum

160 1287 262 1340 (seu
280 1288 475 1341 tertium)
503 1287 716 1328 nominari
746 1294 930 1340 putasse
965 1288 1094 1343 eique
1124 1299 1329 1342 computo
1361 1297 1485 1331 recte
1515 1290 1637 1332 facto

159 1378 320 1407 annum
351 1367 472 1407 urbis
493 1365 806 1407 CCCXCVIII.
833 1367 1109 1420 appinxisse.
1157 1366 1492 1421 correspondet
1524 1370 1637 1411 enim

157 1457 298 1486 annus
331 1444 394 1486 Ol.
418 1445 514 1488 CV.
537 1445 576 1488 4.
603 1457 717 1486 anno
749 1458 784 1486 a.
805 1459 845 1488 u.
867 1444 1218 1487 CCCCXCVHI.
1248 1460 1271 1489 e
1304 1448 1482 1489 dimidia
1513 1457 1635 1490 certe

160 1530 296 1577 parte.
328 1524 423 1566 Nos
441 1532 585 1566 autem
604 1524 767 1579 spuriis
784 1524 933 1566 verbis
952 1524 1109 1568 deletis
1132 1525 1423 1582 olympiade
1438 1526 1668 1570 CVIII!

156 1603 419 1647 scribemus.

727 1681 791 1729 67
811 1705 861 1724 =
884 1683 961 1743 16,
985 1683 1064 1730 13.
1663 1718 1713 1760 12

223 1773 310 1820 Sol
339 1771 517 1820 deinde
544 1771 705 1819 medio
737 1773 894 1819 fertur
923 1772 1052 1820 inter
1075 1773 1195 1822 duas
1213 1783 1380 1840 partes
1405 1778 1633 1827 flexuoso

221 1862 487 1910 draconum
525 1870 687 1910 meatu
719 1862 1004 1927 inaequaliS,
1036 1864 1209 1913 Martis
1247 1868 1387 1915 stella
1425 1875 1634 1933 quatuor

219 1953 471 2011 medias‚
500 1953 633 2002 onis
664 1953 920 2001 mediam
952 1960 1000 2002 et
1027 1972 1178 2021 super
1204 1974 1308 2006 eam
1344 1958 1517 2021 duaS,
1545 1961 1632 2009 Sa-

218 2043 348 2092 turni
385 2044 572 2092 duabus
609 2051 663 2092 ut
693 2046 781 2094 sol.

261 2155 347 2197 Vix
370 2156 558 2198 ferenda
593 2164 717 2199 esset
747 2172 928 2201 casuum
960 2162 1240 2215 permutatio,
1273 2163 1444 2206 etiamsi
1475 2179 1629 2209 omnes

148 2235 330 2277 codices
358 2236 400 2277 in
432 2249 486 2277 ea
512 2238 825 2280 consentirent.
886 2239 1016 2281 Nunc
1044 2254 1174 2294 vern,
1204 2256 1333 2297 quum
1360 2243 1431 2284 R1
1459 2245 1627 2297 mediis,

145 2312 214 2353 ΒΞ
242 2312 410 2354 duabus
442 2313 611 2369 legant,
654 2316 749 2358 sine
794 2318 925 2359 dubio
964 2321 1267 2374 reponendum
1309 2331 1399 2364 est:
1442 2330 1630 2384 quatuor

145 2391 357 2442 mediis,
388 2392 509 2434 Iovis
536 2394 704 2435 media
738 2411 771 2438 e,
801 2411 833 2438 S.
863 2411 900 2437 e.
929 2396 1154 2441 duabus.

720 2508 954 2571 85:23,
975 2510 1055 2558 21.
1653 2549 1705 2590 13

212 2594 437 2644 Stadium
488 2605 681 2647 centum
740 2599 908 2664 viginti
953 2601 1168 2666 quinque
1224 2610 1420 2651 nostros
1473 2605 1626 2654 efficit

209 2700 384 2748 passus
440 2687 584 2755 [hoc
630 2696 724 2739 est
778 2690 967 2754 pedes
1012 2701 1350 2743 sexcentos
1402 2694 1623 2761 viginti

208 2775 531 2845 quinque}

251 2864 391 2909 Recte
429 2869 603 2923 quidem
639 2870 768 2913 stadii
808 2878 850 2912 et
888 2884 1096 2926 passuum
1129 2887 1336 2917 mensura
1380 2876 1436 2917 ad
1477 2876 1618 2930 pedes
