1914 3237
265 183 344 226 182
862 186 976 225 Liber
1005 187 1143 225 XXX.

329 314 430 361 dari
466 314 645 363 iubent.
692 312 902 364 Cocleac
940 315 985 363 in
1025 315 1134 364 cibo
1170 314 1228 364 iis
1265 330 1389 378 quos
1425 313 1595 379 linquit
1631 315 1731 364 ani-

330 416 435 450 mus
476 430 528 436 —
569 402 614 449 in
655 407 769 466 potu
807 402 947 452 datae
984 401 1068 451 rel.

376 497 434 529 ter
465 490 543 530 etsi
575 490 616 530 in
648 490 673 530 d
722 490 811 532 solo
854 492 1009 545 legitur
1037 504 1121 531 non
1151 490 1435 545 spernendum
1465 491 1651 544 videtur,
1688 496 1733 532 ut

266 566 400 607 maior
429 581 629 608 numerus
660 569 753 621 fiat,
795 582 875 623 quo
907 582 999 609 curn
1033 569 1274 621 septenario
1305 568 1393 610 fere
1424 568 1734 610 delectarentur

266 645 403 698 magi,
435 645 472 699 S.
504 645 557 688 49
587 660 671 686 non
702 646 785 686 XX
818 653 890 687 aut
920 645 1047 686 XXX
1080 645 1164 700 (sic
1195 646 1277 700 R1)
1313 646 1386 687 sed
1418 646 1523 687 XXI
1562 647 1732 702 gryllos,

267 723 442 777 opinor,
503 724 649 763 torreri
703 725 935 777 iusserunt3
997 737 1133 764 earum
1188 728 1329 764 autem
1388 725 1555 778 optimis
1612 723 1730 766 codd.

267 796 449 841 alienum
493 800 717 842 delendum
759 808 833 843 est.
894 801 1015 849 Quod
1055 815 1153 842 vero
1187 801 1238 842 de
1278 800 1526 855 centipedae
1565 802 1733 842 nomine

267 877 436 920 additur
477 883 712 920 structurae
762 879 983 921 verborum
1033 884 1243 935 repugnat
1287 884 1411 934 atque
1461 879 1673 933 glossema
1712 892 1737 919 a

268 957 438 998 librario
468 957 548 998 loci
578 957 739 998 XXIX.
772 958 850 1001 113ss
895 970 1081 999 memore
1112 957 1369 1012 adscriptum
1411 957 1589 1011 margini
1621 956 1734 997 haud

269 1035 395 1076 dubie
427 1048 449 1075 e
476 1035 569 1076 loco
601 1036 858 1077 alienissimo
890 1040 931 1077 et
962 1036 1132 1077 omnino
1163 1049 1186 1076 e
1215 1036 1340 1076 Plinii
1379 1036 1568 1076 oratione
1599 1047 1734 1076 remo-

269 1117 415 1154 veatur
446 1118 620 1167 oportet.
666 1113 844 1155 Gravius
877 1115 1003 1155 etiam
1034 1118 1166 1155 restat
1195 1114 1341 1155 vitium
1373 1128 1398 1154 a
1430 1114 1516 1155 Sili.
1549 1113 1732 1154 animad-

271 1204 459 1244 versum;
492 1191 603 1246 quod
635 1192 745 1232 enim
771 1192 811 1232 in
844 1197 944 1246 potu
975 1191 1128 1232 dantur
1149 1192 1317 1233 cocleae
1348 1192 1389 1232 in
1421 1192 1513 1233 cibo
1544 1191 1633 1232 dari
1664 1205 1735 1232 ne-

271 1274 442 1324 queunt.
502 1270 559 1310 At
590 1270 829 1325 multipedis
861 1271 903 1310 111
934 1271 1079 1325 patina
1109 1270 1230 1310 tostis
1259 1270 1415 1325 optime
1445 1269 1734 1310 vescebantur.

271 1348 418 1402 Itaque
449 1347 577 1388 verba
606 1348 847 1402 importuna
877 1349 935 1389 sic
966 1354 1087 1389 erunt
1116 1347 1434 1402 transponenda
1462 1352 1509 1388 ut
1538 1361 1601 1388 vv.
1628 1361 1736 1398 aqua

272 1429 392 1466 ealda
424 1425 650 1480 excipiant.

164 1526 242 1569 661
850 1510 911 1554 55
948 1527 990 1544 =
1027 1508 1154 1562 219,

341 1591 677 1654 Dysintcricos
730 1598 951 1641 recreant
1013 1592 1188 1640 femina
1228 1591 1470 1656 pecudum
1533 1590 1736 1640 decocta

340 1695 446 1728 curn
485 1679 567 1727 lini
605 1680 788 1729 semine
826 1696 950 1744 aqua
991 1686 1116 1745 pota.

384 1767 477 1808 Non
508 1781 771 1823 quacumque
804 1782 913 1823 aqua
944 1767 1017 1809 sed
1057 1781 1107 1809 ea
1138 1771 1300 1808 tantum
1337 1766 1378 1806 in
1409 1779 1491 1821 qua
1529 1765 1737 1821 pecudum

276 1846 432 1886 femina
484 1845 660 1886 decocta
705 1853 835 1888 erant.
901 1846 1158 1887 Praescribit
1197 1845 1305 1885 enim
1347 1843 1568 1884 Marcellus
1616 1844 1737 1898 Emp.

276 1937 309 1963 c.
339 1924 410 1966 27:
450 1929 508 1975 ‚ut
539 1929 581 1964 et
611 1937 706 1964 caro
738 1924 1015 1965 manducetur
1053 1929 1094 1964 et
1123 1937 1233 1978 aqua
1270 1922 1340 1962 illa
1370 1923 1565 1977 110101111.ι
1624 1921 1740 1962 Sicut

275 2001 401 2053 igitur
432 2001 538 2054 §.53
563 2015 608 2041 eo
639 2009 736 2042 ante
767 2017 801 2043 v.
835 2003 963 2055 ,suce‘
995 2002 1034 2042 in
1059 2001 1112 2041 11¹
1147 2000 1347 2041 omissum
1379 2005 1460 2050 est,
1502 1999 1557 2039 ita
1589 1999 1656 2039 hic
1686 1998 1738 2039 ab

276 2078 470 2119 omnibus
501 2079 678 2121 librariis
718 2084 938 2135 peccatum
986 2087 1049 2120 est
1080 2079 1308 2119 litterarum
1360 2077 1645 2132 proximarum
1685 2077 1739 2117 si-

277 2157 508 2199 militudine
542 2157 744 2212 deceptis.
803 2157 922 2205 Quae
952 2158 1010 2198 ita
1050 2155 1307 2211 repetendae
1353 2161 1449 2195 sunt
1493 2159 1538 2195 ut
1575 2155 1740 2209 legatur

274 2241 416 2276 wmine
445 2250 465 2275 e
483 2252 507 2275 (1
538 2250 660 2287 aqua.

166 2361 247 2405 662
849 2318 910 2363 59
1036 2317 1159 2370 120.

344 2403 689 2451 Gravissimum
731 2403 894 2450 vitiuni
931 2400 1052 2451 ileos
1089 2398 1385 2465 appellatur:
1431 2397 1541 2446 huic
1583 2397 1739 2447 resisti

341 2491 468 2538 aium
508 2490 736 2554 discerpti
765 2489 1125 2554 wffspcililiouis
1155 2486 1394 2550 sanguiue
1435 2485 1518 2534 rel.

387 2582 522 2618 vulnus
554 2583 684 2618 vilium
716 2578 749 2616 V
772 2578 809 2618 R
843 2603 886 2606 -e
922 2581 1005 2628 apic·
1042 2581 1165 2617 illieos
1195 2575 1231 2614 V
1261 2579 1439 2626 (rpuleitss
1468 2574 1518 2614 ll*
1554 2587 1653 2624 opus
1682 2573 1739 2613 R²

277 2669 343 2695 eos
368 2659 477 2696 (timet
507 2671 572 2696 vas
591 2657 624 2695 V
646 2657 712 2698 w.
746 2659 875 2696 vilium
908 2659 985 2695 ((Ιυὶ
1003 2654 1130 2694 lanus
1149 2653 1315 2708 scripsit
1339 2652 1480 2706 sagaci
1499 2650 1739 2692 coniectura

278 2734 492 2774 verissima
535 2734 584 2774 ad
620 2748 807 2786 sensum,
858 2733 908 2774 ad
950 2733 1146 2773 librorum
1180 2731 1297 2772 MSS.
1343 2730 1563 2771 lectionem
1604 2729 1741 2769 minus

279 2819 387 2865 apta.
447 2812 525 2859 Qui
558 2826 664 2866 quac
696 2813 797 2853 vitia
827 2812 1028 2853 exhibent
1054 2810 1317 2864 gravissima,
1359 2823 1381 2849 e
1411 2807 1566 2849 codicis
1598 2807 1740 2848 arche-
