<?xml version="1.0" encoding="UTF-8"?>
<!DOCTYPE html PUBLIC "-//W3C//DTD XHTML 1.0 Transitional//EN"
    "http://www.w3.org/TR/xhtml1/DTD/xhtml1-transitional.dtd">
<html xmlns="http://www.w3.org/1999/xhtml" xml:lang="en" lang="en">
 <head>
  <title>
</title>
<meta http-equiv="Content-Type" content="text/html;charset=utf-8" />
  <meta name='ocr-system' content='tesseract 3.04.00' />
  <meta name='ocr-capabilities' content='ocr_page ocr_carea ocr_par ocr_line ocrx_word'/>
</head>
<body>
  <div class='ocr_page' id='page_1' title='image "./vindiciaeplinian00urliuoft_0010.png"; bbox 0 0 1914 3237; ppageno 0'>
   <div class='ocr_carea' id='block_1_1' title="bbox 219 239 1057 296">
    <p class='ocr_par' dir='ltr' id='par_1_1' title="bbox 219 239 1057 296">
     <span class='ocr_line' id='line_1_1' title="bbox 219 239 1057 296; baseline -0.006 -10"><span class='ocrx_word' id='word_1_1' title='bbox 219 246 247 286; x_wconf 77' lang='lat'><strong>6</strong></span> <span class='ocrx_word' id='word_1_2' title='bbox 821 239 1057 296; x_wconf 71' lang='lat' dir='ltr'>Praefatio.</span> 
     </span>
    </p>
   </div>
   <div class='ocr_carea' id='block_1_2' title="bbox 175 360 1914 1828">
    <p class='ocr_par' dir='ltr' id='par_1_2' title="bbox 223 360 1696 419">
     <span class='ocr_line' id='line_1_2' title="bbox 223 360 1696 419; baseline -0.005 -10"><span class='ocrx_word' id='word_1_3' title='bbox 223 369 399 410; x_wconf 86' lang='lat' dir='ltr'>additae</span> <span class='ocrx_word' id='word_1_4' title='bbox 435 372 612 416; x_wconf 83' lang='lat' dir='ltr'>esseut,</span> <span class='ocrx_word' id='word_1_5' title='bbox 646 365 688 406; x_wconf 89' lang='lat' dir='ltr'>in</span> <span class='ocrx_word' id='word_1_6' title='bbox 726 365 866 419; x_wconf 81' lang='lat' dir='ltr'>ipsam</span> <span class='ocrx_word' id='word_1_7' title='bbox 901 363 1023 405; x_wconf 79' lang='lat' dir='ltr'>Plinii</span> <span class='ocrx_word' id='word_1_8' title='bbox 1068 363 1312 404; x_wconf 89' lang='lat' dir='ltr'>orationem</span> <span class='ocrx_word' id='word_1_9' title='bbox 1349 360 1562 416; x_wconf 86' lang='lat' dir='ltr'>paulatim</span> <span class='ocrx_word' id='word_1_10' title='bbox 1589 360 1696 402; x_wconf 88' lang='lat' dir='ltr'>irre-</span> 
     </span>
    </p>

    <p class='ocr_par' dir='ltr' id='par_1_3' title="bbox 224 437 1699 500">
     <span class='ocr_line' id='line_1_3' title="bbox 224 437 1699 500; baseline -0.005 -13"><span class='ocrx_word' id='word_1_11' title='bbox 224 451 427 500; x_wconf 86' lang='lat' dir='ltr'>pserunt,</span> <span class='ocrx_word' id='word_1_12' title='bbox 454 457 567 498; x_wconf 89' lang='lat' dir='ltr'>opus</span> <span class='ocrx_word' id='word_1_13' title='bbox 598 442 896 484; x_wconf 82' lang='lat' dir='ltr'>difficillimum</span> <span class='ocrx_word' id='word_1_14' title='bbox 927 448 1302 495; x_wconf 81' lang='lat' dir='ltr'><strong>corrumperetur.</strong></span> <span class='ocrx_word' id='word_1_15' title='bbox 1362 440 1427 480; x_wconf 87' lang='lat' dir='ltr'>lta</span> <span class='ocrx_word' id='word_1_16' title='bbox 1457 439 1495 494; x_wconf 55' lang='grc' dir='ltr'>ὅ.</span> <span class='ocrx_word' id='word_1_17' title='bbox 1523 437 1565 480; x_wconf 85' lang='grc'>8.</span> <span class='ocrx_word' id='word_1_18' title='bbox 1594 444 1699 493; x_wconf 90' lang='lat' dir='ltr'>post</span> 
     </span>
    </p>

    <p class='ocr_par' dir='ltr' id='par_1_4' title="bbox 223 518 1698 583">
     <span class='ocr_line' id='line_1_4' title="bbox 223 518 1698 583; baseline -0.005 -18"><span class='ocrx_word' id='word_1_19' title='bbox 223 525 361 565; x_wconf 85' lang='lat' dir='ltr'>verba</span> <span class='ocrx_word' id='word_1_20' title='bbox 387 523 583 564; x_wconf 76' lang='lat' dir='ltr'>Lucilius</span> <span class='ocrx_word' id='word_1_21' title='bbox 613 522 689 583; x_wconf 81' lang='lat' dir='ltr'>qui</span> <span class='ocrx_word' id='word_1_22' title='bbox 713 522 877 577; x_wconf 79' lang='lat' dir='ltr'>primus</span> <span class='ocrx_word' id='word_1_23' title='bbox 906 519 1099 560; x_wconf 76' lang='lat' dir='ltr'>condiclit</span> <span class='ocrx_word' id='word_1_24' title='bbox 1126 518 1216 559; x_wconf 80' lang='lat' dir='ltr'>stili</span> <span class='ocrx_word' id='word_1_25' title='bbox 1239 531 1394 557; x_wconf 83' lang='lat' dir='ltr'><strong><em>nasum</em></strong></span> <span class='ocrx_word' id='word_1_26' title='bbox 1422 518 1466 559; x_wconf 87' lang='lat' dir='ltr'>in</span> <span class='ocrx_word' id='word_1_27' title='bbox 1496 518 1698 559; x_wconf 89' lang='lat' dir='ltr'>omnibus</span> 
     </span>
    </p>

    <p class='ocr_par' dir='ltr' id='par_1_5' title="bbox 222 596 1698 655">
     <span class='ocr_line' id='line_1_5' title="bbox 222 596 1698 655; baseline -0.005 -13"><span class='ocrx_word' id='word_1_28' title='bbox 222 601 341 644; x_wconf 87' lang='lat' dir='ltr'>libris</span> <span class='ocrx_word' id='word_1_29' title='bbox 372 602 507 655; x_wconf 82' lang='lat' dir='ltr'>Mss.,</span> <span class='ocrx_word' id='word_1_30' title='bbox 538 614 720 655; x_wconf 89' lang='lat' dir='ltr'>quorum</span> <span class='ocrx_word' id='word_1_31' title='bbox 750 598 961 639; x_wconf 87' lang='lat' dir='ltr'>lectiones</span> <span class='ocrx_word' id='word_1_32' title='bbox 992 597 1186 651; x_wconf 72' lang='lat' dir='ltr'>silligius</span> <span class='ocrx_word' id='word_1_33' title='bbox 1218 596 1477 651; x_wconf 84' lang='lat' dir='ltr'>exscripsit,</span> <span class='ocrx_word' id='word_1_34' title='bbox 1503 597 1698 650; x_wconf 90' lang='lat' dir='ltr'>ineptum</span> 
     </span>
    </p>

    <p class='ocr_par' dir='ltr' id='par_1_6' title="bbox 223 674 1699 734">
     <span class='ocr_line' id='line_1_6' title="bbox 223 674 1699 734; baseline -0.004 -13"><span class='ocrx_word' id='word_1_35' title='bbox 223 680 397 721; x_wconf 78' lang='lat' dir='ltr'>additur</span> <span class='ocrx_word' id='word_1_36' title='bbox 417 681 871 734; x_wconf 85' lang='lat' dir='ltr'>interpretameutum:</span> <span class='ocrx_word' id='word_1_37' title='bbox 899 676 1056 730; x_wconf 85' lang='lat' dir='ltr'>„quasi</span> <span class='ocrx_word' id='word_1_38' title='bbox 1075 675 1333 716; x_wconf 82' lang='lat' dir='ltr'>abusionem</span> <span class='ocrx_word' id='word_1_39' title='bbox 1357 683 1400 716; x_wconf 92' lang='lat' dir='ltr'>et</span> <span class='ocrx_word' id='word_1_40' title='bbox 1416 674 1699 730; x_wconf 85' lang='lat' dir='ltr'>vituperatio·</span> 
     </span>
    </p>

    <p class='ocr_par' dir='ltr' id='par_1_7' title="bbox 223 754 1699 813">
     <span class='ocr_line' id='line_1_7' title="bbox 223 754 1699 813; baseline -0.003 -14"><span class='ocrx_word' id='word_1_41' title='bbox 223 772 347 807; x_wconf 87' lang='lat' dir='ltr'>nem;</span> <span class='ocrx_word' id='word_1_42' title='bbox 382 759 546 813; x_wconf 91' lang='lat' dir='ltr'>primus</span> <span class='ocrx_word' id='word_1_43' title='bbox 584 757 695 798; x_wconf 88' lang='lat' dir='ltr'>enim</span> <span class='ocrx_word' id='word_1_44' title='bbox 727 755 953 796; x_wconf 84' lang='lat' dir='ltr'>satiricum</span> <span class='ocrx_word' id='word_1_45' title='bbox 988 767 1166 795; x_wconf 84' lang='lat' dir='ltr'>carmen</span> <span class='ocrx_word' id='word_1_46' title='bbox 1202 754 1495 808; x_wconf 86' lang='lat' dir='ltr'>conscripsit,</span> <span class='ocrx_word' id='word_1_47' title='bbox 1534 755 1576 795; x_wconf 90' lang='lat' dir='ltr'>in</span> <span class='ocrx_word' id='word_1_48' title='bbox 1611 767 1699 809; x_wconf 88' lang='lat' dir='ltr'>quo</span> 
     </span>
    </p>

    <p class='ocr_par' dir='ltr' id='par_1_8' title="bbox 222 832 1700 892">
     <span class='ocr_line' id='line_1_8' title="bbox 222 832 1700 892; baseline -0.004 -14"><span class='ocrx_word' id='word_1_49' title='bbox 222 837 371 892; x_wconf 87' lang='lat' dir='ltr'>utique</span> <span class='ocrx_word' id='word_1_50' title='bbox 402 836 661 891; x_wconf 83' lang='lat' dir='ltr'>vituperatio</span> <span class='ocrx_word' id='word_1_51' title='bbox 684 833 1029 887; x_wconf 87' lang='lat' dir='ltr'>uniuscuiusque</span> <span class='ocrx_word' id='word_1_52' title='bbox 1064 832 1327 876; x_wconf 84' lang='lat' dir='ltr'>continetur.</span> <span class='ocrx_word' id='word_1_53' title='bbox 1365 832 1532 873; x_wconf 86' lang='lat' dir='ltr'>Nasum</span> <span class='ocrx_word' id='word_1_54' title='bbox 1555 838 1700 874; x_wconf 87' lang='lat' dir='ltr'>autem</span> 
     </span>
    </p>

    <p class='ocr_par' dir='ltr' id='par_1_9' title="bbox 225 909 1700 970">
     <span class='ocr_line' id='line_1_9' title="bbox 225 909 1700 970; baseline -0.005 -14"><span class='ocrx_word' id='word_1_55' title='bbox 225 916 345 965; x_wconf 80' lang='lat' dir='ltr'>dixit,</span> <span class='ocrx_word' id='word_1_56' title='bbox 375 915 492 970; x_wconf 89' lang='lat' dir='ltr'>quod</span> <span class='ocrx_word' id='word_1_57' title='bbox 521 912 854 967; x_wconf 80' lang='lat' dir='ltr'>vituperationis</span> <span class='ocrx_word' id='word_1_58' title='bbox 884 912 1056 966; x_wconf 83' lang='lat' dir='ltr'>siguum</span> <span class='ocrx_word' id='word_1_59' title='bbox 1086 910 1159 953; x_wconf 90' lang='lat' dir='ltr'>vel</span> <span class='ocrx_word' id='word_1_60' title='bbox 1195 912 1382 952; x_wconf 83' lang='lat' dir='ltr'>maxime</span> <span class='ocrx_word' id='word_1_61' title='bbox 1413 923 1526 952; x_wconf 85' lang='lat' dir='ltr'>naso</span> <span class='ocrx_word' id='word_1_62' title='bbox 1557 909 1700 951; x_wconf 87' lang='lat' dir='ltr'>decla-</span> 
     </span>
    </p>

    <p class='ocr_par' dir='ltr' id='par_1_10' title="bbox 225 988 1699 1050">
     <span class='ocr_line' id='line_1_10' title="bbox 225 988 1699 1050; baseline -0.003 -17"><span class='ocrx_word' id='word_1_63' title='bbox 225 993 451 1035; x_wconf 80' lang='lat' dir='ltr'>randum“.</span> <span class='ocrx_word' id='word_1_64' title='bbox 494 992 601 1033; x_wconf 87' lang='lat' dir='ltr'>Item</span> <span class='ocrx_word' id='word_1_65' title='bbox 631 992 672 1047; x_wconf 59' lang='grc' dir='ltr'>ξ.</span> <span class='ocrx_word' id='word_1_66' title='bbox 693 990 754 1030; x_wconf 86' lang='lat'>10.</span> <span class='ocrx_word' id='word_1_67' title='bbox 783 990 839 1030; x_wconf 71' lang='lat' dir='ltr'>atl</span> <span class='ocrx_word' id='word_1_68' title='bbox 870 990 1007 1031; x_wconf 82' lang='lat' dir='ltr'>verba</span> <span class='ocrx_word' id='word_1_69' title='bbox 1036 989 1183 1031; x_wconf 86' lang='lat' dir='ltr'>Plinii:</span> <span class='ocrx_word' id='word_1_70' title='bbox 1215 989 1324 1030; x_wconf 82' lang='lat' dir='ltr'>adeo</span> <span class='ocrx_word' id='word_1_71' title='bbox 1350 1003 1565 1030; x_wconf 83' lang='lat' dir='ltr'>summum</span> <span class='ocrx_word' id='word_1_72' title='bbox 1587 988 1699 1050; x_wconf 83' lang='lat' dir='ltr'>quis-</span> 
     </span>
    </p>

    <p class='ocr_par' dir='ltr' id='par_1_11' title="bbox 225 1066 1700 1132">
     <span class='ocr_line' id='line_1_11' title="bbox 225 1066 1700 1132; baseline -0.002 -22"><span class='ocrx_word' id='word_1_73' title='bbox 225 1085 307 1132; x_wconf 80' lang='lat' dir='ltr'>que</span> <span class='ocrx_word' id='word_1_74' title='bbox 337 1084 495 1111; x_wconf 83' lang='lat' dir='ltr'>causae</span> <span class='ocrx_word' id='word_1_75' title='bbox 522 1084 628 1110; x_wconf 82' lang='lat' dir='ltr'>suae</span> <span class='ocrx_word' id='word_1_76' title='bbox 658 1068 843 1109; x_wconf 81' lang='lat' dir='ltr'>iudicem</span> <span class='ocrx_word' id='word_1_77' title='bbox 871 1066 979 1123; x_wconf 75' lang='lat' dir='ltr'>facit</span> <span class='ocrx_word' id='word_1_78' title='bbox 1008 1081 1329 1129; x_wconf 80' lang='lat' dir='ltr'>quemcunque,</span> <span class='ocrx_word' id='word_1_79' title='bbox 1358 1081 1455 1107; x_wconf 87' lang='lat' dir='ltr'>cum</span> <span class='ocrx_word' id='word_1_80' title='bbox 1479 1066 1594 1124; x_wconf 65' lang='lat' dir='ltr'>eligit</span> <span class='ocrx_word' id='word_1_81' title='bbox 1622 1067 1700 1108; x_wconf 84' lang='lat' dir='ltr'>ad·</span> 
     </span>
    </p>

    <p class='ocr_par' dir='ltr' id='par_1_12' title="bbox 225 1144 1698 1202">
     <span class='ocr_line' id='line_1_12' title="bbox 225 1144 1698 1202; baseline -0.003 -12"><span class='ocrx_word' id='word_1_82' title='bbox 225 1150 448 1190; x_wconf 84' lang='lat' dir='ltr'>scribitur:</span> <span class='ocrx_word' id='word_1_83' title='bbox 482 1149 626 1202; x_wconf 82' lang='lat' dir='ltr'>„unde</span> <span class='ocrx_word' id='word_1_84' title='bbox 643 1147 902 1202; x_wconf 89' lang='lat' dir='ltr'>provocatio</span> <span class='ocrx_word' id='word_1_85' title='bbox 924 1145 1213 1200; x_wconf 82' lang='lat' dir='ltr'>appellatur.“</span> <span class='ocrx_word' id='word_1_86' title='bbox 1253 1144 1460 1187; x_wconf 88' lang='lat' dir='ltr'>Similiter</span> <span class='ocrx_word' id='word_1_87' title='bbox 1490 1144 1562 1186; x_wconf 88' lang='lat' dir='ltr'>hic</span> <span class='ocrx_word' id='word_1_88' title='bbox 1593 1159 1698 1201; x_wconf 91' lang='lat' dir='ltr'>quo-</span> 
     </span>
    </p>

    <p class='ocr_par' dir='ltr' id='par_1_13' title="bbox 226 1223 1700 1284">
     <span class='ocr_line' id='line_1_13' title="bbox 226 1223 1700 1284; baseline -0.003 -15"><span class='ocrx_word' id='word_1_89' title='bbox 226 1241 311 1283; x_wconf 88' lang='lat' dir='ltr'>que</span> <span class='ocrx_word' id='word_1_90' title='bbox 348 1241 504 1269; x_wconf 91' lang='lat' dir='ltr'>vocem</span> <span class='ocrx_word' id='word_1_91' title='bbox 548 1225 831 1284; x_wconf 71' lang='lat' dir='ltr'>litiqalov·ibzls</span> <span class='ocrx_word' id='word_1_92' title='bbox 871 1225 1020 1267; x_wconf 87' lang='lat' dir='ltr'>verbis</span> <span class='ocrx_word' id='word_1_93' title='bbox 1063 1226 1105 1266; x_wconf 91' lang='lat' dir='ltr'>in</span> <span class='ocrx_word' id='word_1_94' title='bbox 1149 1223 1498 1279; x_wconf 85' lang='lat' dir='ltr'>interrogatione</span> <span class='ocrx_word' id='word_1_95' title='bbox 1542 1224 1700 1278; x_wconf 88' lang='lat' dir='ltr'>positis</span> 
     </span>
    </p>

    <p class='ocr_par' dir='ltr' id='par_1_14' title="bbox 225 1301 1701 1358">
     <span class='ocr_line' id='line_1_14' title="bbox 225 1301 1701 1358; baseline -0.001 -12"><span class='ocrx_word' id='word_1_96' title='bbox 225 1305 387 1347; x_wconf 85' lang='lat' dir='ltr'>homiui</span> <span class='ocrx_word' id='word_1_97' title='bbox 418 1306 660 1347; x_wconf 86' lang='lat' dir='ltr'>semidoeto</span> <span class='ocrx_word' id='word_1_98' title='bbox 693 1303 918 1358; x_wconf 82' lang='lat' dir='ltr'>explicare</span> <span class='ocrx_word' id='word_1_99' title='bbox 946 1302 1082 1354; x_wconf 85' lang='lat' dir='ltr'>libuit,</span> <span class='ocrx_word' id='word_1_100' title='bbox 1111 1303 1268 1358; x_wconf 90' lang='lat' dir='ltr'>quibus</span> <span class='ocrx_word' id='word_1_101' title='bbox 1299 1302 1452 1343; x_wconf 89' lang='lat' dir='ltr'>eiectis</span> <span class='ocrx_word' id='word_1_102' title='bbox 1474 1315 1598 1343; x_wconf 88' lang='lat' dir='ltr'>suam</span> <span class='ocrx_word' id='word_1_103' title='bbox 1621 1301 1701 1344; x_wconf 88' lang='lat' dir='ltr'>Pli-</span> 
     </span>
    </p>

    <p class='ocr_par' dir='ltr' id='par_1_15' title="bbox 225 1381 1701 1438">
     <span class='ocr_line' id='line_1_15' title="bbox 225 1381 1701 1438; baseline -0.001 -15"><span class='ocrx_word' id='word_1_104' title='bbox 225 1383 297 1424; x_wconf 87' lang='lat' dir='ltr'>nio</span> <span class='ocrx_word' id='word_1_105' title='bbox 337 1382 601 1438; x_wconf 81' lang='lat' dir='ltr'>elegantiam</span> <span class='ocrx_word' id='word_1_106' title='bbox 642 1383 923 1425; x_wconf 88' lang='lat' dir='ltr'>restituimus.</span> <span class='ocrx_word' id='word_1_107' title='bbox 1008 1382 1120 1423; x_wconf 85' lang='lat' dir='ltr'>Nam</span> <span class='ocrx_word' id='word_1_108' title='bbox 1161 1396 1216 1423; x_wconf 90' lang='lat' dir='ltr'>ne</span> <span class='ocrx_word' id='word_1_109' title='bbox 1261 1382 1358 1438; x_wconf 91' lang='lat' dir='ltr'>quis</span> <span class='ocrx_word' id='word_1_110' title='bbox 1398 1381 1701 1437; x_wconf 82' lang='lat' dir='ltr'>interrogandi</span> 
     </span>
    </p>

    <p class='ocr_par' dir='ltr' id='par_1_16' title="bbox 228 1457 1914 1534">
     <span class='ocr_line' id='line_1_16' title="bbox 228 1457 1914 1534; baseline -0.001 -32"><span class='ocrx_word' id='word_1_111' title='bbox 228 1461 505 1504; x_wconf 80' lang='lat' dir='ltr'>vivacitatem</span> <span class='ocrx_word' id='word_1_112' title='bbox 538 1475 563 1503; x_wconf 87' lang='lat' dir='ltr'>a</span> <span class='ocrx_word' id='word_1_113' title='bbox 596 1461 879 1517; x_wconf 83' lang='lat' dir='ltr'>graunnatico</span> <span class='ocrx_word' id='word_1_114' title='bbox 918 1460 1106 1501; x_wconf 86' lang='lat' dir='ltr'>alienam</span> <span class='ocrx_word' id='word_1_115' title='bbox 1149 1473 1253 1502; x_wconf 91' lang='lat' dir='ltr'>esse</span> <span class='ocrx_word' id='word_1_116' title='bbox 1284 1460 1467 1513; x_wconf 88' lang='lat' dir='ltr'>iudicet,</span> <span class='ocrx_word' id='word_1_117' title='bbox 1506 1457 1698 1501; x_wconf 89' lang='lat' dir='ltr'>Pseudo·</span> <span class='ocrx_word' id='word_1_118' title='bbox 1910 1509 1914 1534; x_wconf 49' lang='lat'><strong>⁴</strong></span> 
     </span>
    </p>

    <p class='ocr_par' dir='ltr' id='par_1_17' title="bbox 226 1538 1914 1594">
     <span class='ocr_line' id='line_1_17' title="bbox 226 1538 1914 1594; baseline -0.001 -14"><span class='ocrx_word' id='word_1_119' title='bbox 226 1539 468 1581; x_wconf 87' lang='lat' dir='ltr'>Asconium</span> <span class='ocrx_word' id='word_1_120' title='bbox 497 1540 740 1582; x_wconf 84' lang='lat' dir='ltr'>contulisse</span> <span class='ocrx_word' id='word_1_121' title='bbox 774 1538 981 1591; x_wconf 84' lang='lat' dir='ltr'>sufficiat,</span> <span class='ocrx_word' id='word_1_122' title='bbox 1013 1539 1084 1594; x_wconf 89' lang='lat' dir='ltr'>qui</span> <span class='ocrx_word' id='word_1_123' title='bbox 1115 1539 1171 1580; x_wconf 88' lang='lat' dir='ltr'>ad</span> <span class='ocrx_word' id='word_1_124' title='bbox 1202 1539 1334 1581; x_wconf 86' lang='lat' dir='ltr'>Verr.</span> <span class='ocrx_word' id='word_1_125' title='bbox 1362 1539 1392 1579; x_wconf 90' lang='grc' dir='ltr'>Ι.</span> <span class='ocrx_word' id='word_1_126' title='bbox 1421 1539 1461 1579; x_wconf 77' lang='lat'>2.</span> <span class='ocrx_word' id='word_1_127' title='bbox 1483 1538 1522 1580; x_wconf 86' lang='lat'>5.</span> <span class='ocrx_word' id='word_1_128' title='bbox 1552 1539 1700 1594; x_wconf 80' lang='lat' dir='ltr'>„Quid</span> <span class='ocrx_word' id='word_1_129' title='bbox 1909 1538 1914 1590; x_wconf 64' lang='lat' dir='ltr'>l</span> 
     </span>
    </p>

    <p class='ocr_par' dir='ltr' id='par_1_18' title="bbox 175 1617 1701 1752">
     <span class='ocr_line' id='line_1_18' title="bbox 227 1617 1701 1673; baseline 0.001 -15"><span class='ocrx_word' id='word_1_130' title='bbox 227 1623 317 1667; x_wconf 86' lang='lat' dir='ltr'>est,</span> <span class='ocrx_word' id='word_1_131' title='bbox 350 1619 502 1673; x_wconf 78' lang='lat' dir='ltr'>inquit,</span> <span class='ocrx_word' id='word_1_132' title='bbox 532 1633 655 1660; x_wconf 87' lang='lat' dir='ltr'>reum</span> <span class='ocrx_word' id='word_1_133' title='bbox 688 1618 782 1660; x_wconf 87' lang='lat' dir='ltr'>fieri</span> <span class='ocrx_word' id='word_1_134' title='bbox 816 1618 899 1660; x_wconf 89' lang='lat' dir='ltr'>nisi</span> <span class='ocrx_word' id='word_1_135' title='bbox 931 1618 1048 1673; x_wconf 88' lang='lat' dir='ltr'>apud</span> <span class='ocrx_word' id='word_1_136' title='bbox 1079 1625 1328 1672; x_wconf 86' lang='lat' dir='ltr'>praetorem</span> <span class='ocrx_word' id='word_1_137' title='bbox 1358 1617 1532 1673; x_wconf 84' lang='lat' dir='ltr'>legibus</span> <span class='ocrx_word' id='word_1_138' title='bbox 1564 1618 1701 1660; x_wconf 87' lang='lat' dir='ltr'>inter—</span> 
     </span>
     <span class='ocr_line' id='line_1_19' title="bbox 175 1695 1701 1752; baseline 0.001 -16"><span class='ocrx_word' id='word_1_139' title='bbox 175 1699 203 1741; x_wconf 85' lang='lat'>4</span> <span class='ocrx_word' id='word_1_140' title='bbox 227 1696 442 1750; x_wconf 70' lang='lat' dir='ltr'>roga1·i·&#39;.2“</span> <span class='ocrx_word' id='word_1_141' title='bbox 501 1698 617 1739; x_wconf 82' lang='lat' dir='ltr'>Idem</span> <span class='ocrx_word' id='word_1_142' title='bbox 660 1696 856 1739; x_wconf 80' lang='lat' dir='ltr'>fortasse</span> <span class='ocrx_word' id='word_1_143' title='bbox 899 1699 1018 1738; x_wconf 85' lang='lat' dir='ltr'>valet</span> <span class='ocrx_word' id='word_1_144' title='bbox 1057 1698 1111 1738; x_wconf 85' lang='lat' dir='ltr'>de</span> <span class='ocrx_word' id='word_1_145' title='bbox 1153 1696 1192 1752; x_wconf 54' lang='grc' dir='ltr'>ᾗ.</span> <span class='ocrx_word' id='word_1_146' title='bbox 1228 1696 1292 1738; x_wconf 82' lang='grc'>11.</span> <span class='ocrx_word' id='word_1_147' title='bbox 1335 1697 1408 1738; x_wconf 91' lang='lat' dir='ltr'>ubi</span> <span class='ocrx_word' id='word_1_148' title='bbox 1442 1696 1486 1738; x_wconf 90' lang='lat' dir='ltr'>in</span> <span class='ocrx_word' id='word_1_149' title='bbox 1521 1695 1701 1750; x_wconf 81' lang='lat' dir='ltr'>vulgata</span> 
     </span>
    </p>

    <p class='ocr_par' dir='ltr' id='par_1_19' title="bbox 226 1773 467 1828">
     <span class='ocr_line' id='line_1_20' title="bbox 226 1773 467 1828; baseline 0.004 -14"><span class='ocrx_word' id='word_1_150' title='bbox 226 1773 467 1828; x_wconf 83' lang='lat' dir='ltr'>scriptura:</span> 
     </span>
    </p>
   </div>
   <div class='ocr_carea' id='block_1_3' title="bbox 296 1965 1700 2104">
    <p class='ocr_par' dir='ltr' id='par_1_20' title="bbox 296 1965 1700 2104">
     <span class='ocr_line' id='line_1_21' title="bbox 297 1965 1700 2032; baseline 0.004 -21"><span class='ocrx_word' id='word_1_151' title='bbox 297 1965 646 2029; x_wconf 85' lang='lat' dir='ltr'>supplicant</span> <span class='ocrx_word' id='word_1_152' title='bbox 683 1973 731 2014; x_wconf 90' lang='lat' dir='ltr'>ct</span> <span class='ocrx_word' id='word_1_153' title='bbox 755 1966 879 2014; x_wconf 84' lang='lat' dir='ltr'>mola</span> <span class='ocrx_word' id='word_1_154' title='bbox 907 1972 1092 2013; x_wconf 85' lang='lat' dir='ltr'>tantum</span> <span class='ocrx_word' id='word_1_155' title='bbox 1119 1965 1246 2012; x_wconf 87' lang='lat' dir='ltr'>salsa</span> <span class='ocrx_word' id='word_1_156' title='bbox 1276 1965 1458 2015; x_wconf 84' lang='lat' dir='ltr'>litant</span> <span class='ocrx_word' id='word_1_157' title='bbox 1486 1967 1568 2032; x_wconf 93' lang='lat' dir='ltr'>qui</span> <span class='ocrx_word' id='word_1_158' title='bbox 1603 1985 1700 2017; x_wconf 89' lang='lat' dir='ltr'>nou</span> 
     </span>
     <span class='ocr_line' id='line_1_22' title="bbox 296 2054 632 2104; baseline 0.009 -3"><span class='ocrx_word' id='word_1_159' title='bbox 296 2054 473 2103; x_wconf 85' lang='lat' dir='ltr'>habent</span> <span class='ocrx_word' id='word_1_160' title='bbox 509 2066 632 2104; x_wconf 87' lang='lat' dir='ltr'>tura.</span> 
     </span>
    </p>
   </div>
   <div class='ocr_carea' id='block_1_4' title="bbox 231 2156 1703 2682">
    <p class='ocr_par' dir='ltr' id='par_1_21' title="bbox 231 2156 1703 2682">
     <span class='ocr_line' id='line_1_23' title="bbox 231 2156 1703 2212; baseline 0.002 -16"><span class='ocrx_word' id='word_1_161' title='bbox 231 2157 410 2197; x_wconf 70' lang='lat' dir='ltr'>verbum</span> <span class='ocrx_word' id='word_1_162' title='bbox 438 2156 678 2212; x_wconf 75' lang='lat' dir='ltr'>supplicant</span> <span class='ocrx_word' id='word_1_163' title='bbox 706 2169 731 2196; x_wconf 87' lang='lat' dir='ltr'>a</span> <span class='ocrx_word' id='word_1_164' title='bbox 762 2156 882 2197; x_wconf 83' lang='lat' dir='ltr'>libris</span> <span class='ocrx_word' id='word_1_165' title='bbox 906 2156 1020 2198; x_wconf 85' lang='lat' dir='ltr'>Mss.</span> <span class='ocrx_word' id='word_1_166' title='bbox 1050 2164 1230 2209; x_wconf 83' lang='lat' dir='ltr'>praeter</span> <span class='ocrx_word' id='word_1_167' title='bbox 1257 2157 1527 2211; x_wconf 75' lang='lat' dir='ltr'>l’ragenscm</span> <span class='ocrx_word' id='word_1_168' title='bbox 1560 2159 1703 2212; x_wconf 85' lang='lat' dir='ltr'>abest,</span> 
     </span>
     <span class='ocr_line' id='line_1_24' title="bbox 232 2234 1699 2297; baseline 0.002 -22"><span class='ocrx_word' id='word_1_169' title='bbox 232 2236 360 2275; x_wconf 74' lang='lat' dir='ltr'>lanus</span> <span class='ocrx_word' id='word_1_170' title='bbox 391 2236 431 2275; x_wconf 88' lang='lat' dir='ltr'>in</span> <span class='ocrx_word' id='word_1_171' title='bbox 466 2236 604 2276; x_wconf 81' lang='lat' dir='ltr'>diurn.</span> <span class='ocrx_word' id='word_1_172' title='bbox 630 2234 908 2289; x_wconf 67' lang='lat' dir='ltr'>antiq.1849.</span> <span class='ocrx_word' id='word_1_173' title='bbox 941 2249 982 2288; x_wconf 90' lang='lat' dir='ltr'>p.</span> <span class='ocrx_word' id='word_1_174' title='bbox 1004 2234 1098 2276; x_wconf 78' lang='lat'>454.</span> <span class='ocrx_word' id='word_1_175' title='bbox 1137 2237 1213 2294; x_wconf 77' lang='lat' dir='ltr'>qui</span> <span class='ocrx_word' id='word_1_176' title='bbox 1245 2244 1374 2278; x_wconf 90' lang='lat' dir='ltr'>acute</span> <span class='ocrx_word' id='word_1_177' title='bbox 1405 2238 1445 2277; x_wconf 87' lang='lat' dir='ltr'>in</span> <span class='ocrx_word' id='word_1_178' title='bbox 1477 2238 1580 2297; x_wconf 72' lang='grc' dir='ltr'><em>(μαῖα</em></span> <span class='ocrx_word' id='word_1_179' title='bbox 1612 2251 1699 2278; x_wconf 90' lang='lat' dir='ltr'>mu-</span> 
     </span>
     <span class='ocr_line' id='line_1_25' title="bbox 232 2313 1700 2373; baseline 0.002 -19"><span class='ocrx_word' id='word_1_180' title='bbox 232 2315 355 2364; x_wconf 83' lang='lat' dir='ltr'>tavit,</span> <span class='ocrx_word' id='word_1_181' title='bbox 397 2315 499 2355; x_wconf 80' lang='lat' dir='ltr'>milii</span> <span class='ocrx_word' id='word_1_182' title='bbox 536 2314 682 2367; x_wconf 81' lang='lat' dir='ltr'>potius</span> <span class='ocrx_word' id='word_1_183' title='bbox 712 2313 1016 2373; x_wconf 79' lang='lat' dir='ltr'>multaeque</span> <span class='ocrx_word' id='word_1_184' title='bbox 1052 2319 1235 2370; x_wconf 63' lang='lat' dir='ltr'>flentes</span> <span class='ocrx_word' id='word_1_185' title='bbox 1273 2329 1327 2356; x_wconf 79' lang='lat' dir='ltr'>ex</span> <span class='ocrx_word' id='word_1_186' title='bbox 1362 2315 1700 2369; x_wconf 86' lang='lat' dir='ltr'>interpolatione</span> 
     </span>
     <span class='ocr_line' id='line_1_26' title="bbox 232 2391 1698 2441; baseline 0.002 -8"><span class='ocrx_word' id='word_1_187' title='bbox 232 2401 372 2433; x_wconf 90' lang='lat' dir='ltr'>ortum</span> <span class='ocrx_word' id='word_1_188' title='bbox 402 2395 597 2441; x_wconf 81' lang='lat' dir='ltr'>videtur3</span> <span class='ocrx_word' id='word_1_189' title='bbox 635 2393 747 2433; x_wconf 85' lang='lat' dir='ltr'>sicut</span> <span class='ocrx_word' id='word_1_190' title='bbox 783 2391 1039 2432; x_wconf 83' lang='lat' dir='ltr'>alterutrum</span> <span class='ocrx_word' id='word_1_191' title='bbox 1070 2393 1250 2434; x_wconf 90' lang='lat' dir='ltr'>verbum</span> <span class='ocrx_word' id='word_1_192' title='bbox 1281 2408 1304 2435; x_wconf 91' lang='lat' dir='ltr'>e</span> <span class='ocrx_word' id='word_1_193' title='bbox 1336 2395 1458 2435; x_wconf 86' lang='lat' dir='ltr'>varia</span> <span class='ocrx_word' id='word_1_194' title='bbox 1488 2394 1698 2439; x_wconf 78' lang='lat' dir='ltr'>lectione.</span> 
     </span>
     <span class='ocr_line' id='line_1_27' title="bbox 234 2466 1700 2528; baseline 0.008 -23"><span class='ocrx_word' id='word_1_195' title='bbox 234 2466 438 2521; x_wconf 79' lang='lat' dir='ltr'>Plerique</span> <span class='ocrx_word' id='word_1_196' title='bbox 477 2471 589 2511; x_wconf 83' lang='lat' dir='ltr'>enim</span> <span class='ocrx_word' id='word_1_197' title='bbox 630 2471 808 2511; x_wconf 79' lang='lat' dir='ltr'>codices</span> <span class='ocrx_word' id='word_1_198' title='bbox 852 2478 1079 2526; x_wconf 87' lang='lat' dir='ltr'>utrumque</span> <span class='ocrx_word' id='word_1_199' title='bbox 1119 2474 1340 2524; x_wconf 89' lang='lat' dir='ltr'>omittunt,</span> <span class='ocrx_word' id='word_1_200' title='bbox 1387 2476 1509 2528; x_wconf 88' lang='lat' dir='ltr'>prius</span> <span class='ocrx_word' id='word_1_201' title='bbox 1550 2489 1574 2517; x_wconf 90' lang='lat' dir='ltr'>e</span> <span class='ocrx_word' id='word_1_202' title='bbox 1611 2489 1700 2518; x_wconf 86' lang='lat' dir='ltr'>me-</span> 
     </span>
     <span class='ocr_line' id='line_1_28' title="bbox 234 2545 1703 2606; baseline 0.007 -21"><span class='ocrx_word' id='word_1_203' title='bbox 234 2545 412 2588; x_wconf 78' lang='lat' dir='ltr'>lioribus</span> <span class='ocrx_word' id='word_1_204' title='bbox 443 2550 491 2604; x_wconf 78' lang='grc' dir='ltr'>«Ι,</span> <span class='ocrx_word' id='word_1_205' title='bbox 521 2549 743 2604; x_wconf 76' lang='lat' dir='ltr'>posterius</span> <span class='ocrx_word' id='word_1_206' title='bbox 767 2549 1017 2602; x_wconf 67' lang='lat' dir='ltr'>pragensis.</span> <span class='ocrx_word' id='word_1_207' title='bbox 1059 2550 1238 2592; x_wconf 79' lang='lat' dir='ltr'>Scilicet</span> <span class='ocrx_word' id='word_1_208' title='bbox 1263 2552 1304 2592; x_wconf 90' lang='lat' dir='ltr'>in</span> <span class='ocrx_word' id='word_1_209' title='bbox 1335 2553 1533 2606; x_wconf 80' lang='lat' dir='ltr'>margine</span> <span class='ocrx_word' id='word_1_210' title='bbox 1551 2553 1703 2596; x_wconf 85' lang='lat' dir='ltr'>arche·</span> 
     </span>
     <span class='ocr_line' id='line_1_29' title="bbox 233 2627 1563 2682; baseline 0.006 -17"><span class='ocrx_word' id='word_1_211' title='bbox 233 2627 325 2679; x_wconf 72' lang='lat' dir='ltr'>typi</span> <span class='ocrx_word' id='word_1_212' title='bbox 355 2628 622 2682; x_wconf 69' lang='lat' dir='ltr'>adscriptum</span> <span class='ocrx_word' id='word_1_213' title='bbox 650 2629 787 2669; x_wconf 78' lang='lat' dir='ltr'>fuisse</span> <span class='ocrx_word' id='word_1_214' title='bbox 818 2630 990 2670; x_wconf 80' lang='lat' dir='ltr'>videtur</span> <span class='ocrx_word' id='word_1_215' title='bbox 1025 2644 1266 2671; x_wconf 70' lang='lat' dir='ltr'>surrmcmvr</span> <span class='ocrx_word' id='word_1_216' title='bbox 1296 2646 1369 2671; x_wconf 68' lang='lat' dir='ltr'>sev</span> <span class='ocrx_word' id='word_1_217' title='bbox 1398 2645 1563 2673; x_wconf 72' lang='grc' dir='ltr'><strong>ιιΤΛΝΤ.</strong></span> 
     </span>
    </p>
   </div>
   <div class='ocr_carea' id='block_1_5' title="bbox 181 2717 1700 2787">
    <p class='ocr_par' dir='ltr' id='par_1_22' title="bbox 181 2717 1700 2787">
     <span class='ocr_line' id='line_1_30' title="bbox 181 2717 1700 2787; baseline 0.007 -29"><span class='ocrx_word' id='word_1_218' title='bbox 181 2717 208 2758; x_wconf 80' lang='lat'>5</span> <span class='ocrx_word' id='word_1_219' title='bbox 332 2722 498 2763; x_wconf 77' lang='lat' dir='ltr'>Eodem</span> <span class='ocrx_word' id='word_1_220' title='bbox 519 2725 646 2765; x_wconf 84' lang='lat' dir='ltr'>modo</span> <span class='ocrx_word' id='word_1_221' title='bbox 671 2724 709 2779; x_wconf 60' lang='grc' dir='ltr'>ξ.</span> <span class='ocrx_word' id='word_1_222' title='bbox 726 2725 789 2765; x_wconf 71' lang='grc'>18.</span> <span class='ocrx_word' id='word_1_223' title='bbox 803 2728 941 2767; x_wconf 65' lang='lat' dir='ltr'>verba</span> <span class='ocrx_word' id='word_1_224' title='bbox 963 2720 999 2787; x_wconf 77' lang='lat' dir='ltr'>[i</span> <span class='ocrx_word' id='word_1_225' title='bbox 1013 2721 1041 2768; x_wconf 86' lang='lat' dir='ltr'>d</span> <span class='ocrx_word' id='word_1_226' title='bbox 1066 2738 1092 2768; x_wconf 81' lang='lat' dir='ltr'>e</span> <span class='ocrx_word' id='word_1_227' title='bbox 1106 2737 1128 2767; x_wconf 91' lang='lat' dir='ltr'>S</span> <span class='ocrx_word' id='word_1_228' title='bbox 1141 2727 1159 2766; x_wconf 79' lang='lat' dir='ltr'>t</span> <span class='ocrx_word' id='word_1_229' title='bbox 1190 2736 1218 2767; x_wconf 88' lang='lat' dir='ltr'>n</span> <span class='ocrx_word' id='word_1_230' title='bbox 1232 2737 1259 2767; x_wconf 92' lang='lat'>0</span> <span class='ocrx_word' id='word_1_231' title='bbox 1274 2733 1369 2767; x_wconf 88' lang='lat' dir='ltr'>ctu</span> <span class='ocrx_word' id='word_1_232' title='bbox 1381 2736 1446 2767; x_wconf 76' lang='grc' dir='ltr'>ΓΠ</span> <span class='ocrx_word' id='word_1_233' title='bbox 1459 2721 1472 2768; x_wconf 83' lang='grc' dir='ltr'>ἰ</span> <span class='ocrx_word' id='word_1_234' title='bbox 1485 2719 1550 2786; x_wconf 81' lang='lat' dir='ltr'>S],</span> <span class='ocrx_word' id='word_1_235' title='bbox 1584 2737 1700 2781; x_wconf 81' lang='lat' dir='ltr'>quae</span> 
     </span>
    </p>
   </div>
   <div class='ocr_carea' id='block_1_6' title="bbox 233 2800 1700 2935">
    <p class='ocr_par' dir='ltr' id='par_1_23' title="bbox 233 2800 1700 2935">
     <span class='ocr_line' id='line_1_31' title="bbox 233 2800 1700 2857; baseline 0.005 -18"><span class='ocrx_word' id='word_1_236' title='bbox 233 2800 273 2840; x_wconf 88' lang='lat' dir='ltr'>in</span> <span class='ocrx_word' id='word_1_237' title='bbox 304 2801 435 2841; x_wconf 74' lang='lat' dir='ltr'>codd.</span> <span class='ocrx_word' id='word_1_238' title='bbox 465 2801 660 2842; x_wconf 81' lang='lat' dir='ltr'>Murbac.</span> <span class='ocrx_word' id='word_1_239' title='bbox 701 2810 743 2843; x_wconf 89' lang='lat' dir='ltr'>et</span> <span class='ocrx_word' id='word_1_240' title='bbox 774 2803 977 2845; x_wconf 74' lang='lat' dir='ltr'>Ambros</span> <span class='ocrx_word' id='word_1_241' title='bbox 1010 2804 1039 2844; x_wconf 89' lang='lat'>1.</span> <span class='ocrx_word' id='word_1_242' title='bbox 1068 2804 1116 2844; x_wconf 89' lang='lat'>11.</span> <span class='ocrx_word' id='word_1_243' title='bbox 1150 2804 1330 2857; x_wconf 87' lang='lat' dir='ltr'>desunt,</span> <span class='ocrx_word' id='word_1_244' title='bbox 1374 2803 1562 2846; x_wconf 84' lang='lat' dir='ltr'>delenda</span> <span class='ocrx_word' id='word_1_245' title='bbox 1596 2818 1700 2847; x_wconf 88' lang='lat' dir='ltr'>esse</span> 
     </span>
     <span class='ocr_line' id='line_1_32' title="bbox 233 2881 1700 2935; baseline 0.004 -17"><span class='ocrx_word' id='word_1_246' title='bbox 233 2892 408 2920; x_wconf 83' lang='lat' dir='ltr'>censeo.</span> <span class='ocrx_word' id='word_1_247' title='bbox 453 2881 581 2926; x_wconf 80' lang='lat' dir='ltr'>Quod</span> <span class='ocrx_word' id='word_1_248' title='bbox 615 2881 725 2921; x_wconf 88' lang='lat' dir='ltr'>enim</span> <span class='ocrx_word' id='word_1_249' title='bbox 749 2896 771 2922; x_wconf 90' lang='lat' dir='ltr'>e</span> <span class='ocrx_word' id='word_1_250' title='bbox 794 2883 992 2935; x_wconf 75' lang='lat' dir='ltr'>proximo</span> <span class='ocrx_word' id='word_1_251' title='bbox 1023 2883 1246 2924; x_wconf 84' lang='lat' dir='ltr'>enuntiato</span> <span class='ocrx_word' id='word_1_252' title='bbox 1275 2881 1431 2933; x_wconf 80' lang='lat' dir='ltr'>clucet,</span> <span class='ocrx_word' id='word_1_253' title='bbox 1459 2883 1700 2925; x_wconf 86' lang='lat' dir='ltr'>subseciva</span> 
     </span>
    </p>
   </div>
   <div class='ocr_carea' id='block_1_7' title="bbox 296 1874 1914 2555">
    <p class='ocr_par' dir='ltr' id='par_1_24' title="bbox 296 1874 1914 2555">
     <span class='ocr_line' id='line_1_33' title="bbox 296 1874 1914 2555; baseline 0.003 -634"><span class='ocrx_word' id='word_1_254' title='bbox 296 1875 482 1922; x_wconf 88' lang='lat' dir='ltr'>Verum</span> <span class='ocrx_word' id='word_1_255' title='bbox 521 1876 594 1923; x_wconf 88' lang='lat' dir='ltr'>dis</span> <span class='ocrx_word' id='word_1_256' title='bbox 642 1877 766 1924; x_wconf 82' lang='lat' dir='ltr'>lacte</span> <span class='ocrx_word' id='word_1_257' title='bbox 810 1875 981 1923; x_wconf 88' lang='lat' dir='ltr'>rustici</span> <span class='ocrx_word' id='word_1_258' title='bbox 1029 1874 1412 1941; x_wconf 84' lang='lat' dir='ltr'>[multaeque</span> <span class='ocrx_word' id='word_1_259' title='bbox 1453 1877 1699 1945; x_wconf 80' lang='lat' dir='ltr'>gentes]</span> <span class='ocrx_word' id='word_1_260' title='bbox 1902 1898 1914 2555; x_wconf 53' lang='grc' dir='ltr'><strong><em>Α</em></strong></span> 
     </span>
    </p>
   </div>
  </div>
 </body>
</html>
