1914 3237
744 164 876 207 Liber
903 166 975 208 II.
1543 165 1596 206 27

124 290 270 333 sulatu
303 291 496 346 collega,
533 291 614 331 sed
653 302 768 330 anno
799 289 1102 340 DCCLXXH,
1143 288 1198 330 de
1229 302 1314 344 quo
1347 289 1510 332 Plinius
1541 303 1598 332 ne

124 370 324 424 cogitare
353 369 527 424 quidem
558 369 711 423 potuit.
772 367 912 410 Codd.
941 375 1085 409 autem
1113 367 1222 409 Mss.
1253 382 1339 410 non
1367 369 1485 410 hunc
1516 369 1599 411 sed

124 449 319 490 Laelium
352 447 532 488 Balbum
562 448 809 498 nominant,
841 448 941 488 dum
970 446 1149 488 RlTOd
1178 446 1242 487 M.
1275 445 1421 487 Caelio
1448 447 1599 499 Balbo,

123 527 164 568 A
196 526 342 568 Caelio
372 525 534 578 Balbo,
575 526 642 567 R2
675 524 723 567 C.
752 526 874 568 Lelio
903 525 1062 578 Balbo,
1102 525 1134 567 S
1166 524 1230 565 M.
1258 524 1408 565 Laelio
1443 525 1598 577 Balbo,

123 617 151 646 a
189 619 310 645 maro
348 604 460 646 tellio
497 605 607 646 ballo
653 606 865 650 scribunt.
952 604 1086 660 Atqui
1127 603 1180 645 D.
1220 602 1398 645 Laelius
1433 604 1600 647 Balbus

122 696 239 725 anno
257 683 575 728 DCCXLVlll.
596 684 828 726 consulatu
845 683 1022 725 functus
1042 689 1132 731 est3
1163 696 1262 723 nam
1282 683 1398 737 quod
1414 685 1454 724 in
1471 697 1599 738 prae-

119 764 294 804 nomine
318 764 592 805 recentiores
623 764 803 805 codices
833 769 1052 813 errarunt,
1085 776 1216 818 quum
1236 763 1279 803 in
1298 762 1598 804 vetustissimo

122 843 165 884 A
194 843 392 885 neutrius
425 844 620 885 consulis
651 856 923 898 praenomen
954 842 1258 896 repperiatur,
1299 840 1445 895 colligi
1478 840 1600 892 licet,

122 907 175 963 ini
197 922 444 977 archetypo
481 937 657 978 quoque
695 922 908 976 scriptum
940 920 1082 962 fuisse
1118 919 1238 962 Iulio
1267 917 1421 961 Silano
1449 919 1600 961 Laelio

122 1000 260 1041 Balbo
290 1015 372 1041 cos.
407 1001 574 1042 Plinius
606 1003 705 1056 ipse
734 1000 901 1042 Iunium
931 1006 1097 1040 tantum
1119 999 1317 1041 Silanum
1345 999 1600 1052 nominavit,

121 1078 236 1120 sicut
273 1077 372 1120 alibi
408 1093 584 1135 quoque
621 1093 753 1121 unum
782 1077 1008 1120 consulem
1038 1077 1266 1132 appellare
1295 1079 1406 1119 satis
1434 1078 1599 1121 habuit.

120 1158 183 1199 lta
203 1157 486 1203 v.c.1X.137.
504 1158 690 1214 legimus
719 1157 970 1211 „Cicerone
986 1156 1214 1207 consule“‚
1244 1156 1600 1212 XV1.11.„Co1·-

120 1236 235 1278 nelio
250 1236 394 1279 Cosso
416 1236 646 1287 consule“,
665 1237 802 1279 XXII.
822 1236 885 1279 13.
900 1235 1111 1291 „Manilio
1130 1235 1345 1278 consule“
1364 1244 1406 1278 et
1425 1237 1600 1291 „Mei-

122 1330 286 1358 cerone
316 1316 403 1358 filio
434 1315 659 1358 consule“.
704 1317 792 1358 Cur
812 1325 959 1359 autem
988 1317 1043 1358 ab
1071 1316 1251 1370 antiqua
1283 1328 1415 1357 manu
1447 1316 1599 1359 Laelio

120 1395 258 1437 Balbo
286 1395 402 1438 falso
432 1396 625 1437 additum
649 1396 723 1446 sit,
754 1398 902 1439 statim
920 1397 1178 1438 videbimus.
1238 1395 1328 1436 Iam
1358 1408 1466 1437 vero
1498 1410 1601 1438 cen-

119 1482 208 1516 tum
241 1481 284 1517 et
315 1476 470 1516 decem
501 1475 627 1517 annis
659 1482 762 1517 ante
793 1475 932 1518 Silani
962 1474 1237 1518 consulatum
1268 1473 1404 1515 Hiera
1435 1481 1477 1516 et
1508 1475 1599 1518 Au-

120 1561 285 1596 tomate
314 1568 338 1596 e
369 1554 477 1595 mari
507 1554 729 1609 prodiisse
757 1563 1010 1606 narrantur,
1039 1556 1082 1596 id
1114 1567 1291 1610 quoque
1320 1552 1448 1597 salso.
1486 1555 1598 1597 Nam

120 1645 278 1686 magno
312 1646 537 1675 consensu
567 1632 623 1677 ol.
644 1633 817 1677 CXLV.
846 1648 963 1676 anno
998 1641 1154 1689 quarto
1185 1633 1212 1673 i.
1234 1647 1268 1674 e.
1298 1639 1400 1674 ante
1427 1633 1529 1676 Chr.
1554 1649 1597 1676 n.

122 1724 161 1753 a.
181 1711 273 1752 197.
305 1725 382 1753 eas
413 1711 578 1753 insulas
609 1711 651 1753 in
680 1711 812 1753 altum
841 1712 1041 1755 sublatas
1065 1726 1168 1755 esse
1192 1712 1369 1753 tradunt
1387 1712 1549 1756 Strabo
1569 1714 1597 1757 Ι.

122 1806 162 1845 p.
183 1791 257 1842 57,
293 1791 484 1832 Iustinus
514 1790 727 1840 XXX.4,
769 1789 1034 1832 Plutarchus
1084 1792 1138 1833 de
1176 1791 1362 1846 Pythiae
1407 1792 1599 1835 oraculis

121 1884 163 1923 p.
187 1869 282 1911 399.
319 1876 450 1925 atque
487 1868 708 1910 Eusebius
745 1869 788 1909 in
827 1869 1061 1921 chronico,
1119 1884 1274 1913 omnes
1315 1870 1598 1915 Posidonium

119 1948 276 1997 secuti,
305 1962 432 2004 quem
449 1947 625 1990 Seneca
641 1948 737 1990 Nat.
753 1949 896 1997 Qu.11.
910 1949 973 1991 26.
1004 1957 1234 1991 auctorem
1255 1951 1373 2003 citat,
1406 1959 1449 1994 et
1468 1967 1598 2009 quem

122 2026 287 2068 Plinius
316 2027 414 2082 ipse
435 2036 536 2070 ante
556 2027 714 2070 oculos
733 2027 898 2070 habuit.
941 2029 1083 2085 Atque
1114 2029 1230 2071 hunc
1259 2031 1403 2086 ipsum
1435 2046 1596 2075 annum

117 2103 205 2147 levi
235 2107 517 2149 correctione
548 2107 666 2162 apud
700 2122 798 2149 eum
836 2108 982 2150 alieno
1021 2123 1156 2160 sane,
1195 2120 1243 2152 ut
1273 2125 1390 2153 nunc
1421 2113 1597 2167 quidem

117 2184 311 2236 videtur,
353 2184 453 2228 loco
490 2186 726 2228 restituere
764 2187 881 2230 licet.
966 2186 1121 2230 Codex
1151 2190 1265 2231 enim
1296 2189 1364 2241 A,
1404 2192 1595 2235 omnium

118 2264 308 2318 optimus
345 2272 389 2306 et
419 2266 756 2320 vetustissimus,
794 2266 914 2308 initio
947 2267 1157 2308 enuntiati
1192 2282 1281 2309 non
1313 2271 1429 2325 quod
1460 2272 1595 2327 vulgo

117 2341 276 2398 legitur
306 2343 531 2387 CXXXV.
569 2345 770 2397 exhibet,
812 2345 893 2386 sed
930 2345 1181 2402 olympiadis
1223 2354 1397 2389 centum
1435 2351 1595 2394 XLII.

121 2448 238 2474 anno
275 2441 449 2495 quarto,
498 2449 710 2477 numeros
751 2443 898 2477 autem
935 2436 1001 2477 II
1028 2444 1071 2478 et
1102 2444 1134 2475 u
1177 2440 1441 2494 saepissime
1482 2443 1596 2486 inter

120 2527 171 2555 se
208 2514 451 2567 permutari
491 2522 641 2556 notum
682 2521 764 2556 est.
835 2515 1038 2570 Apparet
1077 2517 1208 2572 igitur
1252 2519 1435 2575 reliquis
1474 2521 1596 2565 libris

120 2593 345 2634 denarium
376 2608 602 2636 numerum
633 2594 883 2635 addendum
914 2609 1031 2638 esse.
1094 2596 1240 2652 Atque
1279 2598 1345 2640 sic
1372 2599 1459 2642 iam
1490 2615 1596 2644 eva-

119 2672 261 2714 nescit
291 2680 533 2715 monstrum
565 2672 669 2715 illud
700 2674 881 2726 erroris,
912 2689 1040 2731 quem
1070 2677 1252 2720 aPlinio
1281 2681 1489 2722 committi
1520 2696 1594 2736 po-

119 2752 257 2793 tuisse
288 2765 597 2809 pernegamus.
666 2752 888 2796 Fabuloso
919 2755 1033 2796 enim
1062 2769 1176 2798 aevo
1208 2756 1398 2801 Theram
1431 2773 1455 2801 e
1486 2760 1595 2801 mari

121 2831 340 2883 prodiisse
370 2830 486 2873 iufra
516 2831 589 2873 IV.
609 2830 674 2873 70.
711 2832 780 2875 his
810 2833 959 2876 verbis
998 2848 1096 2877 cum
1124 2845 1279 2880 nostro
1308 2837 1412 2881 loco
1444 2840 1593 2882 conci-
