1914 3237
734 164 867 205 liber
897 165 944 205 V
941 165 967 205 1
973 200 979 206 .
1539 160 1595 202 95

191 290 352 354 polis
397 291 454 338 ab
489 288 774 338 Alexandro
814 286 1033 347 condita,
1072 285 1200 334 unde
1237 292 1475 350 ceperunt
1510 301 1594 333 ex—

190 382 398 442 ordium,
432 380 569 428 iuxta
592 377 722 443 quod
749 378 932 425 flumen
955 383 1038 424 aut
1064 376 1145 424 ubi
1168 376 1316 424 fuerit
1347 392 1442 425 non
1477 375 1594 423 satis

190 473 494 536 explanatur.

240 568 366 615 Quae
400 567 453 607 de
483 565 573 606 hoc
606 563 709 606 loco
739 576 764 604 a
787 561 1022 603 Dodwello
1057 570 1099 603 et
1119 559 1335 604 Vincente
1372 563 1596 618 disputata

120 653 236 695 sunt.
270 644 501 700 diligenter
529 634 736 698 exposuit
756 642 961 693 Geierus‚
980 641 1108 684 Alex.
1134 641 1288 696 Magni
1303 640 1403 682 hist.
1423 641 1594 696 scriptt.

120 739 164 778 p.
186 723 254 765 78.
294 724 441 778 Atque
468 722 573 763 illud
609 722 780 776 quidem
807 722 891 762 iam
916 722 1028 762 inter
1049 735 1203 762 omnes
1227 721 1449 771 convenit,
1483 734 1596 774 quae

119 801 335 843 Arrianus
361 803 414 842 de
433 799 629 842 Nearchi
656 801 937 856 expeditione
976 800 1185 851 narravit,
1220 814 1316 840 cum
1343 799 1464 840 Plinii
1497 813 1593 841 ver-

120 880 203 931 bis,
240 881 339 920 dum
375 880 505 920 modo
538 886 661 920 recte
692 879 1012 931 scribantur&5
1044 878 1269 933 aliquanto
1304 877 1458 918 melius
1492 891 1596 918 con·

124 958 260 1000 ciliari
293 973 422 1014 quam
452 957 711 1000 Dodwellus
745 959 1097 1000 existimaverat:
1136 970 1250 1012 quae
1288 965 1433 998 autem
1466 956 1598 997 relin-

123 1045 311 1091 quantur
334 1038 677 1092 discrepantiae,
694 1051 745 1078 eo
768 1036 1034 1092 praesertim
1057 1037 1261 1078 excusari
1282 1036 1398 1090 quod
1419 1044 1598 1090 praeter

121 1115 371 1156 Nearchum
395 1115 690 1156 Onesicritum
713 1123 895 1156 secutus
919 1123 987 1157 est
1008 1115 1196 1163 Plinius3
1223 1128 1412 1168 namque
1436 1121 1598 1154 utrum-

122 1208 206 1248 que
227 1193 270 1234 iu
291 1194 533 1234 Auctorum
564 1193 752 1234 elencho
772 1193 844 1235 lib.
864 1195 893 1234 I.
918 1193 1168 1235 enumerari
1199 1192 1414 1233 videmus.
1452 1192 1597 1232 Unum

121 1272 355 1314 discrimen
391 1271 523 1326 idque
561 1273 871 1328 gravissimum
907 1272 1140 1327 ingeniosa
1178 1271 1435 1311 coniectura
1467 1269 1597 1310 Geie-

119 1364 196 1392 rus
225 1350 380 1392 tollere
412 1357 597 1391 conatus
630 1358 698 1392 est
727 1352 798 1406 qui
829 1358 931 1391 ante
961 1364 998 1390 v.
1025 1348 1204 1389 nomina
1236 1348 1460 1390 excidisse
1492 1362 1595 1388 con-

120 1430 223 1471 iecit
253 1430 416 1480 οπηηίιι,
461 1442 694 1470 assensum
726 1437 885 1471 nactus
918 1427 1249 1468 westermanni
1288 1428 1328 1467 in
1364 1426 1485 1468 Pauli
1516 1426 1598 1467 En-

122 1507 300 1565 cyclop.
320 1508 408 1550 vol.
427 1507 483 1547 V.
505 1525 547 1563 p.
561 1508 657 1549 490.
681 1515 723 1548 et
743 1507 843 1550 Car.
864 1507 1056 1558 Mulieri,
1078 1506 1258 1561 Scriptt.
1280 1520 1367 1546 rer.
1383 1505 1513 1547 Alex.
1532 1506 1595 1547 M.

120 1587 256 1643 p.56,
292 1586 409 1627 haud
447 1587 543 1627 seio
582 1601 635 1627 an
668 1593 807 1627 recte.
889 1585 1018 1632 Quod
1055 1600 1165 1626 vero
1202 1600 1292 1626 non
1328 1585 1454 1639 ipsos
1491 1584 1597 1626 Ale-

120 1667 277 1707 xandri
298 1665 502 1707 comitum
524 1666 866 1707 commentarios
900 1680 926 1706 a
945 1664 1084 1706 Plinio
1117 1660 1359 1719 excerptos
1382 1677 1485 1705 esse
1516 1665 1598 1705 sed

119 1745 253 1786 Iubae
287 1744 442 1785 librum
482 1744 551 1798 qui
588 1743 825 1785 Onesicriti
859 1751 902 1785 et
940 1743 1135 1784 Nearchi
1169 1742 1392 1784 volumina
1433 1742 1599 1797 compi-

120 1823 291 1874 laverit,
328 1820 426 1862 VV.
457 1822 554 1863 DD.
594 1821 789 1863 arbitrati
827 1829 928 1863 sunt
964 1821 1167 1877 plerique
1206 1835 1388 1872 omnes,
1427 1820 1599 1861 dicendi

122 1902 298 1959 generis
333 1915 418 1955 quo
450 1899 544 1941 sere
580 1900 709 1942 utitur
738 1900 903 1942 Plinius
941 1900 1172 1952 rationem,
1204 1910 1251 1942 ut
1283 1900 1473 1951 videtur,
1509 1913 1597 1940 non

211 2086 250 2129 ³¹²)
299 2086 355 2118 Ita
383 2097 445 2130 pro
481 2086 526 2119 Ab
552 2086 610 2119 leis
637 2085 696 2118 vel
723 2085 827 2118 Abies
853 2085 1025 2128 oppidum
1054 2086 1160 2118 Arbis
1190 2098 1208 2119 e
1239 2086 1426 2120 Marciano
1452 2087 1598 2119 Hcracl.

121 2155 154 2186 p.
172 2145 228 2176 24.
264 2148 300 2175 et
333 2142 547 2175 Ptolemaeo
576 2143 632 2174 w.
659 2145 715 2176 21.
744 2144 776 2175 5.
811 2141 975 2174 restituit
1008 2142 1214 2174 Salmasius
1248 2144 1309 2186 qui
1346 2156 1379 2186 p.
1400 2146 1488 2175 1175
1521 2155 1600 2186 sqq.

121 2199 305 2232 uberrime
330 2200 373 2231 de
398 2199 456 2231 his
485 2199 700 2244 regionibus
726 2198 940 2242 disputavit.
993 2199 1089 2231 ldem
1116 2200 1257 2239 flumen
1286 2200 1452 2233 ‚l'clbrnm
1479 2200 1513 2232 in
1540 2200 1598 2232 Ar-

121 2257 193 2290 him
221 2257 431 2289 mutandum
461 2268 542 2288 esse
569 2256 678 2296 vidit,
715 2256 810 2298 quod
841 2267 861 2288 a
887 2255 1064 2287 Strabone
1091 2256 1163 2288 XV.
1193 2268 1224 2299 p.
1246 2259 1322 2288 7202
1353 2262 1387 2290 et
1412 2257 1598 2300 Stephano

123 2314 248 2345 eodem
277 2313 433 2352 nomine.
461 2313 505 2344 ab
523 2312 923 2346 A1·ria11‹›ln‹l.21—23.
952 2312 1071 2344 minus
1099 2318 1195 2345 recte
1221 2314 1351 2346 Arabis
1377 2314 1597 2356 appellatur5

123 2369 398 2413 cf.Wesseling.
424 2369 466 2402 ad
490 2369 594 2402 Diod.
622 2370 731 2401 xx'll.
754 2371 836 2407 104,
864 2369 1015 2401 Lasson.
1037 2369 1155 2413 Antiq.
1175 2370 1313 2402 Ind.11.
1339 2383 1372 2414 p.
1390 2372 1465 2403 190.
1496 2371 1599 2413 Quae

124 2425 332 2459 coniectura
359 2425 513 2458 lectione
539 2426 643 2460 codd.
668 2426 723 2458 Rd
751 2425 988 2459 confirmatur
1013 2426 1073 2469 qui
1103 2426 1276 2460 exhibent
1301 2427 1468 2467 marem.
1495 2427 1553 2460 cui
1580 2439 1599 2460 e

122 2483 193 2515 fine
221 2482 378 2526 proximi
405 2483 574 2514 vocabuli
597 2491 620 2515 n
649 2483 879 2515 adhaeserat.
921 2482 991 2514 Pro
1017 2483 1268 2517 Alltolleadl'us
1293 2484 1524 2517 scribendum
1543 2489 1599 2518 est

123 2550 203 2571 cnm
226 2539 350 2570 eodem
374 2538 557 2571 Salmasio
585 2546 620 2573 et
644 2540 814 2572 Yincentc
844 2538 1002 2574 Aradzw.
1038 2540 1159 2582 §.103.
1188 2545 1283 2574 recte
1304 2532 1508 2574 Salmasius
1532 2549 1599 2574 720-

122 2597 307 2629 ml’nalum
339 2595 411 2639 legi
440 2596 570 2630 voluit.
622 2597 705 2630 Alia
731 2600 919 2639 praeterea
951 2597 1098 2630 nomina
1125 2598 1279 2631 Vincens
1305 2599 1399 2641 apud
1429 2597 1597 2631 Schmie—

123 2653 248 2685 derum
274 2652 318 2685 ad
345 2652 485 2685 Arrian.
514 2653 588 2685 Ind.
605 2655 730 2696 p.259.
762 2652 931 2685 correxit.
981 2653 1072 2686 Nam
1097 2654 1190 2686 libro
1220 2665 1289 2697 qno
1319 2654 1477 2687 Nearchi
1501 2655 1598 2698 peri-

124 2709 223 2752 plum
243 2709 619 2742 doctissimcvincens
636 2708 848 2747 illustrauit,
870 2709 921 2742 uti
941 2710 1032 2743 mihi
1054 2722 1122 2743 non
1143 2710 1260 2749 licuit,
1286 2715 1456 2754 excerpta
1473 2715 1596 2744 autem

125 2777 145 2798 e
170 2766 308 2810 periplo
338 2767 449 2800 maris
480 2767 580 2799 rubri
606 2767 641 2799 in
670 2766 842 2799 Bredovii
869 2767 1036 2809 Quaestt.
1063 2779 1191 2812 geogr.
1217 2768 1349 2802 vohll.
1373 2781 1407 2812 p.
1424 2770 1493 2800 715
1519 2779 1595 2811 sqq.

125 2820 217 2855 nihil
237 2822 314 2856 fere
335 2823 379 2856 de
395 2822 552 2857 Nearchi
578 2822 815 2868 navigatione
845 2823 1040 2857 continent.
