1914 3237
308 188 361 230 78
901 192 1017 231 Liber
1052 193 1175 233 XIX.

416 316 480 356 Ita
511 315 596 358 Sill.
630 330 654 358 e
683 316 827 359 codice
854 319 903 371 T,
934 332 1057 374 quem
1088 324 1229 360 tamen
1259 320 1300 360 in
1330 321 1413 361 fine
1442 323 1513 362 sed
1530 334 1607 362 non
1639 322 1768 377 scrip-

307 398 396 434 tum
427 393 583 434 habere
613 396 860 449 putaverim.
906 395 1152 438 Ceterorum
1175 411 1330 452 magna
1361 402 1425 438 est
1454 399 1646 440 varietas.
1680 398 1768 439 Ha-

308 470 409 511 bent
438 471 548 511 enim
576 475 689 512 cibus
717 476 877 514 saluber
913 488 963 515 ac
991 479 1087 515 lenis
1116 474 1203 528 cd,
1246 479 1404 517 saluber
1433 479 1499 517 he‘c
1528 479 1624 516 lenis
1653 476 1768 531 Apu-

306 547 427 600 leius,
459 551 569 589 cibos
595 553 776 590 salubres
806 563 830 590 a
861 565 882 592 c
912 555 1018 592 lenes
1049 565 1074 592 a

361 629 588 667 existimant
617 640 642 667 a
671 641 715 679 c,
745 631 817 668 sed
845 631 952 668 sexis
978 628 1185 683 Apuleius

360 717 438 745 non
469 712 616 755 queant
646 718 672 745 a
701 718 723 746 o
754 704 792 758 d,
826 712 1026 756 nequeant
1053 705 1180 761 Apul.

359 784 433 822 sed
460 795 481 823 c
510 785 584 822 sed
610 795 688 822 non
721 795 745 822 a
775 782 802 823 d
832 783 983 837 Apula

358 887 361 889 -
414 858 555 913 Atque
604 864 818 901 vetustum
864 861 1012 901 vitium
1056 860 1140 901 iam
1185 861 1227 900 in
1264 860 1408 915 primis
1459 860 1769 916 exemplaribus

305 935 438 977 fuisse
468 949 620 990 reapse
646 937 912 992 intelligitur:
955 938 1165 993 quomodo
1198 938 1309 978 enim
1339 938 1471 992 cibus,
1512 938 1596 993 ‚qui
1624 938 1769 993 perfici

305 1015 501 1068 nequeat‘
546 1014 714 1055 saluber
745 1016 1011 1070 appellatur?
1069 1015 1201 1063 Quem
1250 1029 1275 1057 a
1325 1015 1561 1072 Chrysippo
1606 1015 1770 1056 medico

306 1091 496 1132 damnari
525 1091 622 1132 XX.
657 1093 707 1135 17
738 1092 928 1146 traditur,
959 1093 1039 1135 hoc
1071 1107 1236 1149 quoque
1267 1094 1359 1135 loco
1388 1094 1616 1149 improbari
1646 1094 1770 1149 parti-

306 1169 402 1210 cula
430 1177 558 1210 tamen
589 1170 804 1213 evincitur.
835 1172 976 1226 Atque
1006 1171 1048 1212 id
1079 1166 1248 1226 quidem
1278 1172 1411 1213 levius
1442 1171 1553 1227 quod
1573 1186 1610 1212 v.
1630 1171 1770 1212 nonin

305 1247 515 1302 plerisque
534 1247 749 1288 codicibus
781 1248 889 1288 male
920 1249 1128 1292 inseritur.
1167 1249 1276 1289 Nam
1308 1263 1416 1304 quae
1446 1263 1528 1290 non
1561 1262 1769 1303 concoqu-

305 1329 443 1377 untur,
465 1325 751 1366 intumescunt
767 1326 808 1366 in
828 1326 1026 1377 alvo‘(cf.
1058 1326 1198 1367 XXII.
1227 1326 1335 1378 136).
1367 1326 1504 1367 Maius
1517 1325 1771 1367 autemillud

305 1403 417 1456 quod
456 1403 703 1458 relinquitur
743 1403 943 1445 mendum
980 1403 1079 1445 inde
1123 1409 1260 1445 ortum
1294 1408 1358 1444 cst
1399 1403 1510 1459 quod
1547 1403 1770 1445 verborum

306 1479 494 1520 ordinem
525 1480 682 1521 librarii
721 1481 1019 1535 perturbarunt
1057 1482 1431 1537 perturbatumque
1469 1482 1594 1523 variis
1633 1481 1769 1522 modis

304 1558 591 1600 restituerunt.
623 1557 923 1613 Distinguatur
953 1560 1063 1600 enim
1091 1565 1256 1615 oportet
1287 1542 1431 1601 cortex
1461 1560 1503 1600 in
1533 1573 1576 1601 re
1607 1559 1772 1600 medica

305 1636 552 1676 utilissimus
589 1636 662 1680 (cf.
694 1636 967 1678 Dioscorides
997 1639 1045 1679 ΙΙ.
1078 1638 1176 1691 161,
1210 1637 1282 1678 IV.
1314 1638 1416 1687 185)
1468 1642 1510 1678 et
1561 1637 1678 1678 cibus
1717 1636 1771 1677 ad

304 1713 562 1754 vescendum
592 1714 838 1770 plerumque
868 1715 1039 1768 noxius,
1069 1715 1111 1756 in
1141 1715 1352 1757 medicina
1380 1729 1465 1756 non
1496 1713 1771 1770 s‘pernendus,
1913 1763 1914 1774 2

305 1791 356 1833 cf.
386 1791 527 1832 XXII.
560 1793 623 1834 14.
681 1793 831 1848 Itaque
882 1793 1024 1834 deleta
1062 1807 1165 1836 voce
1206 1797 1316 1835 cibus
1355 1793 1421 1835 vel
1458 1795 1568 1834 cibos
1609 1793 1773 1848 reliqua
1913 1787 1914 1843 ζ

305 1869 366 1911 sic
397 1869 631 1910 ordinanda
663 1874 807 1911 erunt:

364 1951 510 1989 Cortex
539 1951 658 1989 viridi
689 1955 795 1988 tener
825 1950 1034 1988 deraditur
1066 1948 1137 1999 (τὸ
1162 1950 1299 2002 ξέσμα
1318 1947 1429 2003 apud
1449 1947 1769 1997 Dioscoridem)
1913 1965 1914 2010 χ

359 2028 519 2066 saluber
548 2039 599 2067 ac
635 2029 730 2066 lenis
752 2028 937 2077 pluribus
976 2029 1124 2076 modis‚·
1163 2029 1412 2067 nihilominus
1441 2031 1479 2068 in
1518 2029 1616 2067 cibis
1645 2033 1772 2067 lamen
1912 2011 1914 2054 ⁴

360 2107 587 2145 existimant
615 2107 684 2155 qui
708 2108 851 2155 perfici
879 2127 930 2132 —
963 2107 1235 2145 intumescant.

305 2187 428 2221 tamen
465 2180 618 2221 retinui
664 2195 717 2222 ex
756 2181 957 2236 Apuleio,
999 2181 1110 2237 quod
1151 2195 1245 2223 cum
1282 2196 1317 2222 v.
1357 2184 1607 2223 nihilominus
1643 2182 1770 2223 etiam

304 2257 438 2299 XVII.
472 2258 551 2301 118
581 2259 861 2314 coniungitur,
887 2263 1113 2300 exisle'mant
1142 2273 1164 2300 e
1194 2259 1437 2301 melioribus
1466 2259 1586 2300 codd.
1617 2260 1770 2314 recepi,

305 2349 399 2376 cum
433 2336 747 2390 praepositione
775 2340 814 2377 in
835 2337 983 2378 eodem
1007 2337 1132 2379 modo
1163 2338 1361 2390 iunctam,
1394 2351 1474 2393 quo
1487 2337 1538 2378 X.
1559 2337 1638 2379 133
1667 2337 1769 2393 legi-

306 2418 371 2454 tur
402 2415 680 2466 ,existimatus
711 2415 819 2455 inter
849 2428 964 2456 raras
996 2417 1122 2458 aves.‘
1155 2416 1284 2457 Cuius
1317 2429 1418 2456 usus
1448 2415 1600 2456 similia
1630 2427 1770 2456 exem-

305 2492 376 2546 pla
405 2506 430 2532 a
461 2491 749 2547 Grasbergero
780 2507 818 2547 p.
841 2493 892 2535 12
922 2493 1098 2534 collecta
1127 2493 1329 2535 invenies.

196 2643 277 2687 393
527 2616 810 2672 82:536.
853 2614 943 2674 (de
981 2614 1207 2678 raphanis
1243 2629 1403 2664 sermo
1443 2617 1543 2673 est)

371 2705 644 2756 Etiamnum
681 2723 828 2756 unum
879 2707 1105 2758 silvestre
1142 2707 1315 2758 Graeci
1350 2708 1519 2771 agrion
1577 2711 1768 2765 vocant,

377 2793 463 2844 rel.
