1914 3237
210 1649 266 1692 98

293 153 352 193 74
924 153 1054 196 Liber
1084 155 1131 197 V
1128 187 1139 201 ,

295 277 435 317 manis
471 276 704 318 obsessam
743 285 1126 333 expugnatamque
1163 291 1267 320 esse
1310 279 1352 320 in
1391 278 1512 321 libris
1557 293 1666 335 quos
1707 280 1761 322 de

294 367 471 395 suorum
511 361 756 409 temporum
797 355 979 398 historia
1025 358 1291 412 scripserat,
1336 358 1453 400 haud
1501 359 1630 400 dubie
1667 361 1764 414 ipse

293 434 586 476 narraverat?
644 434 827 477 Scilicet
858 450 944 481 non
977 435 1142 478 Plinius
1171 438 1269 490 ipse
1299 438 1480 482 erravit.
1552 437 1765 480 Transfe-

294 512 434 564 renda
475 522 577 555 sunt
614 513 835 555 vocabula
889 513 942 554 ab
977 515 1142 555 oriente
1184 514 1235 557 in,
1271 529 1450 556 versum
1494 516 1763 571 inferiorem,

293 591 568 634 unde-facili
610 607 756 635 rerum
793 592 993 634 similium
1034 594 1357 647 permutatione
1399 593 1442 634 in
1486 597 1763 650 superiorem

292 672 609 725 ascenderunt,
635 679 840 727 totusque
869 671 999 714 locus
1029 673 1088 713 ita
1116 672 1402 714 scribendus:

348 750 560 804 Prospieit
574 766 673 791 eum
701 766 728 791 a
759 751 974 793 meridie
992 750 1160 793 Arabia
1180 751 1459 804 Nomadum,
1484 752 1537 794 ab
1563 753 1764 795 oriente

346 828 614 870 Blaclmerus
641 829 721 871 rel.

401 907 462 949 At
488 922 619 962 vero,
647 908 838 963 inquies,
876 921 1021 953 nonne
1052 908 1228 950 Arabes
1255 908 1481 951 Nomades
1511 909 1567 950 ab
1593 908 1762 950 oriente

290 986 419 1026 lacus
446 999 588 1041 usque
610 987 668 1028 ad
682 985 952 1041 Euphratem
975 986 1280 1041 vagabantur?
1313 986 1378 1028 lta
1409 995 1492 1038 est,
1521 988 1604 1030 sed
1632 988 1761 1030 etiam

291 1066 516 1107 meridiem
555 1079 714 1107 versus
757 1065 882 1119 regio
923 1079 1074 1107 eorum
1109 1064 1442 1115 extendebatur.
1501 1066 1601 1107 Non
1628 1067 1760 1109 modo

291 1158 404 1200 quae
436 1144 613 1186 deserta
642 1151 830 1185 vocatur
859 1144 1029 1184 Arabia
1058 1143 1146 1185 late
1181 1145 1224 1185 in
1254 1144 1530 1200 peninsulam
1565 1146 1760 1200 patebat,

290 1224 369 1268 sed
419 1224 532 1265 inter
574 1222 716 1265 lacum
751 1221 1031 1278 Asphaltiten
1079 1230 1122 1264 et
1160 1223 1486 1266 Nabataeorum
1532 1224 1761 1278 regionem

288 1303 481 1345 Arabiae
511 1302 728 1344 Petraeae
758 1309 930 1356 partem
961 1301 1264 1344 inhabitabant
1290 1302 1499 1354 Idumaei,
1535 1301 1763 1344 fortissimi

288 1381 500 1433 latrones,
531 1395 716 1437 quorum
745 1381 787 1422 in
818 1380 935 1429 bello
963 1381 1141 1422 ludaico
1170 1394 1279 1435 pars
1310 1380 1388 1423 suit
1416 1381 1761 1423 haudcontem-

289 1462 450 1513 nenda,
481 1461 534 1502 cf.
557 1459 732 1514 Ioseph.
753 1459 857 1501 Bell.
874 1460 963 1521 Iud.
981 1459 1099 1502 NA.
1130 1467 1173 1501 et
1198 1459 1313 1501 alibi.
1374 1460 1466 1502 Hos
1496 1460 1759 1515 praesertim

289 1540 361 1581 hic
388 1538 697 1594 intelligendos
720 1552 823 1581 esse
855 1546 1203 1580 consentaneum
1235 1546 1315 1581 est.

863 1639 926 1688 75
945 1659 997 1682 =
1015 1641 1094 1701 19,
1118 1640 1198 1688 17.

356 1743 501 1791 quta
541 1724 719 1802 Getta,
756 1740 929 1802 leba,
965 1720 1101 1790 rivus
1135 1739 1320 1789 Pacida
1356 1739 1459 1788 sive
1489 1741 1642 1817 Belus
1677 1746 1757 1788 rel.

401 1856 448 1902 ln
477 1869 557 1896 ora
587 1853 838 1895 Phoenices
869 1867 983 1908 quae
1013 1853 1126 1896 inter
1151 1853 1490 1908 promontorium
1510 1855 1760 1897 Carmelum

289 1934 529 1990 Belumque
562 1947 733 1974 amnem
766 1943 1167 1978 commemorantur
1200 1934 1385 1988 oppida,
1422 1933 1531 1975 satis
1559 1932 1634 1974 illa
1663 1933 1762 1988 qui-

289 2015 386 2058 dem
412 2014 604 2056 obscura
618 2019 740 2054 sunt:
765 2011 951 2052 alterum
974 2020 1122 2053 tamen
1140 2012 1357 2067 probabili
1375 2013 1633 2055 coniectura
1649 2012 1759 2054 Har·

288 2093 446 2134 duinus
475 2092 590 2133 idem
622 2105 726 2134 esse
757 2090 908 2133 statuit
935 2103 990 2132 ac
1020 2089 1145 2133 Plrm
1175 2091 1290 2146 quod
1329 2091 1373 2133 in
1404 2091 1640 2146 Excerptis
1676 2092 1759 2134 Po·

286 2171 389 2227 lybii
406 2169 830 2212 XVl.4l.laudatur.
858 2168 1054 2211 Alterum
1071 2168 1199 2224 plane
1219 2170 1456 2211 inauditum
1483 2179 1527 2212 et
1552 2179 1599 2212 ut
1614 2171 1760 2212 dicam

287 2251 404 2306 quod
433 2251 575 2292 sentio
610 2249 774 2291 nullum
803 2249 902 2299 fuit,
935 2262 1112 2293 emera
1141 2249 1437 2303 dittographia
1467 2257 1630 2291 natum.
1671 2249 1758 2290 Ne-

286 2343 370 2384 que
402 2328 514 2370 enim
532 2327 642 2369 leba
670 2328 836 2370 habent
867 2327 965 2369 libri
991 2327 1109 2382 apud
1129 2327 1341 2384 Silligium
1365 2329 1447 2370 sed
1472 2327 1617 2382 Gebag,
1648 2326 1760 2368 Ieba

287 2423 312 2450 e
340 2408 472 2450 codd.
504 2407 691 2449 Barbari
731 2407 982 2462 profectum
1020 2414 1103 2451 est.
1173 2406 1307 2462 Atqui
1339 2406 1470 2448 Getta
1503 2405 1623 2448 Geba
1661 2406 1759 2448 sive

288 2486 417 2529 Getta
438 2485 572 2540 Geha,
604 2487 970 2542 quemadmodum
999 2485 1105 2541 legit
1134 2486 1233 2527 cod.
1265 2486 1322 2537 R,
1355 2495 1443 2527 tam
1471 2493 1573 2527 sunt
1601 2484 1759 2526 similia

285 2572 332 2606 ut
350 2579 479 2606 unum
512 2578 567 2606 ex
585 2565 726 2607 altero
755 2565 1074 2620 reduplicatum
1106 2579 1208 2607 esse
1237 2565 1453 2614 videatur,
1483 2577 1613 2618 quum
1631 2575 1758 2617 prae-

286 2644 435 2687 sertim
475 2657 562 2684 vox
606 2650 650 2684 et
695 2643 792 2698 ipsa
838 2642 954 2688 haud
999 2643 1209 2685 absimilis
1253 2643 1394 2684 quta
1434 2641 1755 2697 praecesserit.

286 2722 576 2766 Scribendum
607 2731 675 2764 est
701 2722 854 2776 igitur:

479 2799 621 2841 quta
651 2799 784 2842 Getta
813 2800 901 2851 (vel
933 2800 1099 2855 Giua),
1130 2801 1249 2842 rivus
1280 2799 1445 2840 Pacida
1484 2799 1561 2840 rel.
