1914 3237
280 145 335 186 98
894 137 1022 179 Liber
1053 137 1100 178 V
1098 136 1130 178 J
1130 172 1138 179 .

283 267 405 308 Plinii
427 263 718 306 testimonium
739 262 923 304 accedit.
965 262 1093 311 Quod
1126 261 1239 303 enim
1271 262 1359 303 iam
1377 268 1508 303 antea
1523 261 1745 306 favonium

278 344 511 399 Hippalum
539 342 732 392 vocavit,
763 341 800 382 si
829 342 958 383 modo
990 343 1086 396 ipsa
1116 342 1346 395 scriptoris
1374 342 1509 382 verba
1527 342 1745 397 leguntur,

277 423 440 464 factum
470 429 539 462 est
572 434 651 475 per
691 419 915 474 prolepsin
949 427 1145 461 ceterum
1184 421 1499 470 rectissimam,
1543 422 1746 476 quoniam

279 514 327 542 re
366 513 473 541 vera
510 498 724 552 Hippalus
761 498 940 539 favonio
981 506 1112 540 vento
1148 500 1401 553 respondet.
1462 498 1646 540 Difficile
1678 507 1747 541 est

278 579 539 628 diimlicatu,
577 579 783 632 quamdiu
816 578 997 619 Patalen
1036 579 1286 633 navigatum
1324 578 1398 628 sit,
1440 578 1478 619 is
1518 587 1638 620 certe
1676 579 1748 634 qni

278 671 304 698 a
342 657 563 699 Strabone
599 658 648 699 11.
690 672 728 710 p.
755 656 849 697 118.
891 665 932 698 et
962 656 1059 698 XV.
1090 672 1132 711 p.
1154 655 1248 697 686.
1289 656 1552 699 describitur
1586 672 1746 699 cursus

278 736 480 790 Sigerum
519 737 749 787 tendebat,
791 737 952 791 quippe
990 736 1062 791 qui
1098 736 1166 777 (liu
1205 736 1402 779 valuisse
1432 737 1473 778 h.
1497 736 1520 778 l.
1560 737 1744 779 dicatur.

276 814 582 868 Imperfectum
619 823 763 857 autem
802 815 1170 869 „iiisestabant“,
1207 815 1326 869 quod
1357 828 1380 855 e
1413 815 1541 856 codd.
1578 815 1748 868 recepit

276 892 490 946 Ssshgius,
531 894 686 935 eodem
723 895 852 934 modo
894 893 1090 934 adhibuit
1122 892 1282 934 Plinius
1324 907 1409 948 qno
1447 892 1560 934 infra
1596 892 1746 948 §.105.

275 972 428 1021 utitur,
469 971 641 1027 scilicet
677 971 972 1025 supplendum
1011 979 1103 1012 est:
1147 985 1281 1022 „cuin
1313 972 1547 1026 proderem
1578 970 1746 1013 haec‘2.

275 1049 385 1090 Nam
426 1050 593 1104 piratas
639 1065 779 1105 prope
824 1051 1064 1105 emporium
1105 1049 1304 1091 Muzirim
1344 1050 1573 1092 habitasse
1616 1051 1746 1091 etiam

275 1129 429 1183 peripli
460 1137 615 1171 auctor
645 1131 836 1173 tradidit.
897 1130 1022 1177 Quae
1049 1128 1178 1184 igitur
1207 1130 1244 1185 §
1263 1129 1354 1169 100.
1377 1136 1419 1170 et
1441 1129 1532 1169 101.
1566 1142 1746 1170 narran-

276 1215 358 1257 tur,
389 1207 495 1248 Iuba
527 1208 747 1249 retulerat.
789 1209 908 1249 ldem
941 1208 1070 1249 etiam
1101 1208 1183 1249 iter
1212 1222 1293 1262 per
1323 1208 1576 1263 Aegyptum
1604 1220 1745 1261 usque

274 1286 330 1325 ad
362 1285 604 1327 Berenicen
635 1296 806 1341 portum
843 1288 1017 1328 videtur
1048 1287 1337 1341 exposuisse,
1370 1287 1484 1340 quod
1516 1299 1539 1326 c
1574 1284 1744 1340 periplo

276 1364 466 1404 describi
497 1379 583 1406 non
608 1366 754 1418 potnit.
788 1366 982 1422 Namque
1002 1365 1271 1408 camelorum
1292 1366 1561 1414 niansi011eS‚
1593 1364 1746 1419 quales

276 1441 375 1483 inde
406 1456 430 1482 a
463 1442 605 1498 Copto
643 1454 976 1498 enumerantur,
1011 1445 1139 1485 etiam
1172 1444 1263 1484 ΧΠ.
1289 1443 1356 1486 64.
1398 1458 1420 1486 e
1458 1445 1591 1485 Iubae
1631 1457 1745 1486 eom-

275 1522 497 1563 inentariis
537 1532 736 1577 sumptas
779 1537 882 1565 esse
921 1522 1191 1564 cmxiecimus
1227 1536 1268 1563 et
1304 1523 1414 1564 alius
1452 1531 1608 1564 auctor
1643 1523 1685 1565 h.
1717 1523 1744 1565 l.

274 1612 360 1639 non
382 1598 600 1655 laudatur,
633 1617 761 1657 quum
783 1603 820 1659 ἕ.
838 1601 930 1643 170.
951 1602 1057 1642 Iuba
1087 1600 1451 1655 „diligentissime
1480 1611 1745 1655 persecutus

274 1677 419 1718 haec⁶=
460 1679 641 1722 dicatur.
707 1682 894 1722 Accedit
928 1681 1042 1735 quod
1077 1679 1302 1734 Iuliopolis
1342 1681 1456 1720 unde
1485 1680 1585 1722 Nilo
1620 1681 1745 1721 navi—

275 1758 439 1811 gabant
468 1757 671 1813 Copton),
706 1767 748 1799 et
779 1773 892 1815 quae
924 1759 1023 1800 alibi
1055 1772 1143 1799 non
1175 1767 1559 1814 commemoratur,
1589 1760 1633 1801 in
1652 1760 1744 1800 Iulii

277 1836 484 1878 Caesaris
516 1837 727 1878 honorem
755 1838 809 1878 ab
830 1838 1075 1878 Octaviano
1105 1851 1262 1878 nomen
1296 1838 1531 1892 accepisse
1561 1838 1743 1881 videtur.

386 1915 550 1956 Urbem
584 1916 697 1956 unde
716 1915 951 1956 Nearchus
985 1915 1192 1970 navigare
1219 1917 1380 1970 eoepit,
1411 1917 1465 1956 ab
1485 1915 1743 1958 Alexandro

275 1993 492 2034 conditam
525 2008 627 2035 esse
660 1995 838 2035 tradidit
871 1993 1049 2047 PliniuS‚
1080 2006 1106 2034 a
1137 1993 1343 2035 Nearcho
1377 2009 1506 2048 quum
1537 1996 1742 2036 Indorum

275 2072 489 2112 seditione
517 2081 563 2113 ut
592 2074 804 2113 maturius
825 2073 1022 2114 solveret
1048 2080 1228 2113 coactns
1248 2080 1384 2122 esset,
1415 2073 1456 2113 in
1480 2074 1743 2115 occidentali

273 2149 449 2190 flumine
478 2150 741 2192 festinanter
767 2159 1036 2193 exstructam
1054 2165 1157 2193 esse
1178 2150 1622 2192 coniecitLassenius
1641 2152 1743 2195 Ant.

274 2228 365 2269 Ind.
387 2229 433 2269 11.
455 2228 489 2268 l.
519 2229 676 2282 p.192.
746 2230 851 2272 Mihi
886 2231 1029 2284 potius
1065 2231 1180 2271 sicut
1211 2230 1382 2271 Rittcro
1413 2230 1574 2285 (ieogr.
1593 2230 1674 2271 vol.
1689 2232 1742 2272 V.

276 2306 425 2359 [mus.
455 2306 596 2348 altera
627 2311 757 2349 statio
790 2317 966 2362 practer
1000 2308 1180 2350 Patalen
1212 2322 1310 2349 eum
1341 2309 1572 2350 navalibus
1611 2310 1742 2363 signi-

274 2384 395 2425 ficari
449 2385 637 2436 videtur,
698 2388 752 2428 ab
804 2387 1062 2429 Alexandro
1115 2388 1156 2429 in
1211 2386 1410 2429 orientali
1465 2386 1558 2428 Iudi
1613 2386 1742 2429 alveo

275 2463 451 2504 condita
487 2464 567 2516 (cf.
587 2465 742 2506 Arian.
766 2466 906 2508 Anab.
927 2467 998 2508 vl.
1023 2466 1111 2520 20).
1202 2466 1326 2508 Unde
1367 2473 1549 2520 propter
1580 2472 1740 2506 metum

274 2554 298 2582 a
347 2542 633 2584 barbarorum
683 2543 1005 2586 incursionibus
1055 2543 1305 2586 Nearchum
1350 2543 1533 2586 consilio
1578 2551 1741 2585 mutata

273 2633 369 2660 cum
409 2622 594 2662 navibus
637 2621 692 2662 ibi
735 2621 932 2663 collectis
978 2623 1162 2664 Patalen
1206 2623 1394 2665 rediisse
1437 2632 1480 2663 et
1524 2623 1624 2664 inde
1666 2636 1739 2664 oc-

273 2697 474 2739 cidentali
492 2699 607 2740 fluvii
631 2707 756 2753 parte
782 2701 1019 2755 navigasse
1040 2703 1245 2753 arbitror,
1277 2703 1347 2743 ubi
1370 2701 1603 2743 stationem
1623 2700 1737 2742 illam

269 2775 396 2816 sitam
440 2775 580 2818 fuisse
622 2786 969 2821 consentancum
1010 2788 1102 2831 est,
1135 2793 1263 2836 quam
1300 2794 1380 2834 pro
1423 2792 1532 2822 vero
1566 2780 1735 2822 itineris

1900 634 1906 649 '⁶
1900 398 1914 601 ‹tu-‘bmn‘
1906 366 1914 385 n
1903 316 1914 351 *⁴⁵-
