1914 3237
710 189 830 228 Liber
860 189 998 229 XVII.
1529 181 1581 225 35

120 322 238 362 hiatu
266 335 304 361 v.
336 320 469 360 utendi
497 317 551 358 ad
579 317 780 357 remotius
811 316 1120 357 substantivum
1149 316 1405 370 ,praecepta‘
1435 312 1584 354 referri

78 384 84 389 ‚
122 412 247 455 posse
291 398 370 438 sibi
416 395 637 450 persuasit.
695 393 918 434 Postremo
963 395 1088 433 Ianus
1127 393 1375 447 elegantiori
1418 391 1585 443 iudicio,

122 477 295 518 consilio
313 488 398 515 non
419 473 558 512 minus
572 471 796 512 temerario
813 484 915 511 usus
933 484 970 511 v.
995 475 1116 522 plura
1133 471 1372 522 inculcavit,
1406 470 1586 511 otiosum

123 560 177 607 et,
208 554 287 594 nisi
314 552 456 603 fallor,
489 563 513 590 a
543 549 669 590 Plinii
701 549 1008 591 consuetudine
1040 549 1235 590 alienum.
1295 547 1443 602 Neque
1476 547 1586 587 enim

123 633 260 672 locum
286 643 353 670 me
377 629 519 684 legere
538 628 721 680 memini,
752 627 824 667 ubi
853 627 1032 681 scriptor
1061 639 1105 666 se
1134 625 1255 680 plura
1274 639 1357 665 non
1376 625 1588 665 invenisse

123 722 249 765 quam
280 721 387 763 quae
418 707 580 760 retulit,
627 705 887 747 confiteatur.
922 703 1091 745 Scilicet
1117 716 1289 759 operam
1321 716 1467 744 omnes
1497 715 1590 757 per-

125 787 340 839 diderunt,
383 785 482 825 dum
517 784 731 839 scriptoris
764 787 806 823 et
835 782 1099 837 grammatici
1127 795 1299 822 manum
1329 794 1413 821 non
1444 779 1590 820 distin-

125 870 272 921 guunt.
329 863 487 904 Plinius
518 863 609 917 ipse
640 862 886 916 scripserat:

180 947 279 997 ,Hae
304 944 420 991 fuere
449 943 560 993 apud
582 943 741 991 priscos
772 942 1035 992 clifferenliae,
1063 942 1255 989 simulque
1285 942 1504 989 praecepta
1533 947 1594 976 re-

181 1026 250 1062 tuli
277 1023 452 1068 utendi‘;

125 1104 292 1154 praeter
321 1098 494 1138 modum
519 1097 630 1137 enim
661 1109 742 1151 quo
776 1095 876 1136 lotio
908 1095 1091 1135 humano
1132 1092 1338 1134 utendum
1367 1091 1594 1144 videretur,

126 1178 223 1232 ipso
256 1175 401 1216 ordine
443 1188 523 1229 quo
556 1173 720 1225 singula
747 1173 943 1214 stercoris
977 1186 1134 1227 genera
1159 1170 1422 1213 enumeravit
1450 1169 1597 1210 utendi

129 1256 355 1311 praecepta
368 1251 699 1307 comprehendit,
712 1265 819 1306 quae
839 1251 890 1292 ab
903 1251 1098 1305 agricolis
1111 1250 1450 1291 observarentur.
1462 1247 1598 1288 Aliter

129 1334 264 1374 visum
280 1341 344 1373 est
364 1332 487 1372 docto
505 1330 565 1370 illi
583 1329 872 1385 grammatice,
905 1329 1041 1382 Iunio,
1070 1334 1116 1369 ut
1146 1328 1323 1378 videtur,
1354 1325 1598 1378 Laurentio,

130 1413 247 1453 cuius
279 1410 576 1451 annotationes
609 1423 647 1451 11.
679 1409 731 1451 39
763 1413 803 1449 et
828 1408 904 1450 121
937 1408 1242 1459 indicavimus,
1291 1404 1597 1460 frequentiores

132 1490 258 1531 etiam
270 1490 311 1529 in
332 1489 437 1529 libro
452 1488 599 1543 primo,
617 1487 659 1527 111
671 1487 810 1528 indice
824 1487 1025 1528 librorum
1036 1484 1184 1526 XVIII
1203 1489 1244 1525 et
1256 1483 1341 1524 XX
1353 1484 1598 1537 reperimus.

130 1567 211 1615 Qui
232 1581 373 1622 quum,
393 1570 439 1606 ut
456 1567 604 1606 florum
626 1579 784 1621 genera
803 1579 828 1605 a
850 1564 1070 1605 medicinis
1088 1567 1352 1618 separantur,
1377 1561 1476 1602 item
1496 1564 1599 1600 ster-

115 1646 239 1686 *coris
271 1658 428 1700 genera
459 1650 500 1685 et
532 1643 793 1684 stercorandi
823 1648 1052 1697 praecepta
1083 1640 1310 1696 separatim
1342 1653 1366 1679 a
1398 1639 1600 1692 scriptore

131 1724 240 1764 tradi
271 1724 536 1778 opinaretur,
575 1722 760 1777 prudens
792 1720 1109 1772 animadvertit,
1158 1732 1203 1759 se
1249 1721 1479 1773 praecepta
1516 1729 1600 1756 non

131 1803 332 1844 invenire.
392 1800 511 1848 Quae
550 1800 812 1855 grammatici
858 1799 1095 1839 observatio
1142 1811 1163 1837 e
1193 1797 1405 1850 margine,
1467 1799 1513 1834 ut
1543 1796 1601 1845 fit,

132 1882 240 1921 inter
280 1880 374 1935 ipsa
413 1879 627 1934 scriptoris
668 1878 796 1918 verba
828 1881 979 1932 postea
1001 1880 1176 1930 recepta
1207 1880 1283 1915 est.
1344 1874 1474 1914 Paulo
1507 1877 1603 1927 post

133 1963 247 1999 recte
279 1957 365 1999 Sill.
396 1971 420 1998 e
450 1956 666 1997 codicibus
700 1959 832 1996 alendi
863 1955 1048 2009 scripsit:
1083 1957 1385 2009 ,praeceptum‘
1429 1952 1541 1992 enim
1581 1965 1602 1991 e

134 2037 273 2077 dativo
294 2035 559 2090 ,praeceptis‘
580 2034 817 2076 admirabili
832 2033 1106 2087 brachylogia
1127 2032 1384 2087 cogitatione
1406 2031 1602 2085 supplen-

134 2114 232 2155 dum
263 2114 423 2155 Plinius
453 2113 634 2168 reliquit.

727 2230 790 2277 58
808 2250 866 2269 =
888 2228 1010 2285 10,9.
1633 2249 1714 2294 314

200 2317 260 2366 Et
295 2318 491 2366 abunde
528 2317 781 2382 praedicta
817 2316 1001 2365 ratione
1041 2313 1163 2363 caeli
1198 2330 1255 2363 ac
1288 2319 1444 2363 terrae
1474 2330 1604 2364 nunc

201 2405 262 2454 de
298 2404 375 2453 his
411 2406 665 2455 arboribus
698 2405 903 2453 dicimus
940 2419 1064 2468 quae
1101 2419 1216 2452 cura
1253 2403 1502 2453 hominum
1539 2408 1605 2452 at-

202 2508 296 2557 que
314 2497 415 2542 arte
452 2494 762 2558 proveniunt.

248 2596 300 2633 El
330 2598 442 2633 recte
473 2594 503 2634 I.
535 2606 557 2633 e
591 2592 713 2634 codd,
747 2607 771 2632 a
795 2591 830 2632 T
861 2591 1051 2643 inseruit,
1084 2590 1135 2631 cf.
1168 2592 1203 2644 ξ.
1234 2590 1336 2643 216,
1387 2604 1467 2646 quo
1513 2591 1606 2632 1000

141 2671 296 2711 Plinius
327 2671 580 2723 ,indicanda
613 2672 683 2723 ait,
708 2676 859 2711 natura
889 2671 979 2710 est.‘
1037 2670 1186 2723 Itaque
1209 2668 1277 2709 hic
1295 2682 1461 2724 quoque
1494 2669 1606 2725 quod

137 2748 178 2788 in
209 2748 287 2789 cod
319 2749 344 2789 d
377 2754 517 2790 exstat
558 2753 731 2790 dicemus
762 2747 987 2803 legendum
1021 2751 1108 2799 est,
1148 2751 1196 2787 iis
1236 2760 1310 2801 pro
1348 2749 1410 2787 his
1438 2747 1608 2801 liuguae

139 2826 302 2880 legibus
332 2828 583 2882 postulatur,
614 2840 752 2882 neque
781 2827 823 2867 in
855 2825 1009 2866 talibus
1042 2825 1167 2866 rebus
1198 2824 1391 2866 codicum
1410 2825 1607 2867 habenda
