1914 3237
760 144 893 185 Liber
919 145 1007 188 ῙΧ.
1538 145 1616 187 151

255 262 496 306 Permirum
526 272 594 308 est
619 265 762 308 locum
789 280 876 307 non
910 266 1207 309 difficillimum
1238 269 1453 311 anemine
1482 269 1618 312 inter-

140 348 312 394 pretum
362 342 649 397 intellectum,
701 344 941 399 pravisque
983 358 1010 385 a
1046 345 1306 400 quibusdam
1348 349 1617 392 coniecturis

138 420 419 463 sollicitatum
462 436 582 464 esse.
648 423 757 464 Nam
789 433 969 477 praeter
1002 423 1249 465 Gesnerum
1282 424 1390 467 Hist.
1421 428 1547 470 anim.
1574 429 1614 470 4.

139 499 230 541 196.
256 500 350 553 724,
381 501 453 555 qui
483 515 643 542 vocem
676 499 939 556 thynnorum
969 502 1064 542 sive
1087 500 1210 542 Plinii
1241 502 1336 543 sive
1354 503 1517 546 librarii
1548 520 1614 548 er-

135 580 224 620 rori
255 580 407 620 deberi
437 581 677 621 arbitratus
700 587 782 631 est,
815 594 943 622 nemo
961 581 1192 636 perspexit
1220 594 1306 622 non
1339 581 1392 622 de
1421 581 1614 637 thynnis,

134 656 216 696 sed
248 657 301 697 (le
324 657 521 699 balaenis
553 673 803 700 sermonem
827 673 942 701 esse.
1001 659 1211 700 Poterant
1236 666 1379 699 tamen
1399 659 1497 701 VV.
1513 660 1612 703 DD.

132 733 202 776 vel
233 735 330 790 ipso
364 736 487 779 Plinii
518 738 726 793 loquendi
763 754 847 781 usu
887 739 1071 780 meliora
1107 739 1272 779 doceri.
1333 739 1460 786 Quae
1499 740 1613 782 enim

130 812 202 854 hic
222 816 400 869 „magni
419 816 668 858 Alexandri
689 817 885 860 classis²‘
909 825 1110 867 vocatur,
1141 830 1194 857 ea
1219 829 1306 857 non
1331 830 1412 870 pro
1435 817 1612 872 quibus-

131 891 234 933 libet
267 893 559 936 Macedonum
591 897 781 950 navigiis
818 895 1024 937 habenda
1059 896 1138 936 sed
1172 896 1326 936 eadem
1359 894 1499 938 fuisse
1530 911 1612 950 pu-

131 973 264 1011 tanda
301 981 369 1014 est
400 987 529 1028 quam
562 974 632 1016 Vl.
653 974 709 1015 96
733 988 846 1029 sqq„
868 973 962 1024 134,
984 974 1079 1015 XII.
1097 973 1164 1014 86.
1195 973 1408 1028 appellat,
1440 974 1612 1017 scilicet

130 1064 245 1103 quae
279 1050 483 1091 Nearcho
516 1053 630 1093 duce
662 1054 839 1093 rubrum
873 1066 994 1093 marc
1028 1052 1295 1107 exploravit.
1355 1054 1497 1101 Quam
1527 1054 1612 1110 hy-

130 1128 221 1168 dris
245 1129 420 1170 marinis
444 1130 487 1170 id
511 1137 580 1170 est
611 1131 768 1171 belluis
799 1131 893 1171 sive
926 1130 1124 1171 balaenis
1156 1131 1350 1171 territam
1381 1130 1519 1173 fuisse
1539 1132 1611 1176 l.l.

133 1207 204 1246 Vl.
220 1205 285 1247 96.
319 1207 438 1248 brevi
471 1216 711 1251 monuerat.
761 1209 970 1250 Narratio
1002 1217 1146 1250 autem
1177 1223 1290 1264 quae
1320 1218 1474 1251 nostro
1504 1211 1608 1254 loco

130 1285 306 1340 legitur,
338 1293 425 1326 tam
456 1287 638 1342 egregie
669 1300 765 1327 cuin
799 1285 895 1327 aliis
926 1286 1109 1327 aliorum
1141 1287 1406 1341 scriptorum
1441 1289 1608 1331 descri-

132 1359 351 1419 ptionibus
381 1367 631 1421 conspirat,
670 1375 715 1408 ut
745 1367 840 1408 sine
875 1367 1004 1408 dubio
1037 1381 1092 1408 ex
1121 1367 1230 1421 ipsis
1262 1367 1456 1408 Nearchi
1490 1382 1607 1409 com·

127 1445 353 1486 mentariis
384 1447 517 1500 petita
550 1459 653 1487 esse
679 1446 894 1486 videatur.
948 1444 1013 1486 Cf.
1040 1444 1234 1486 Nearchi
1265 1444 1506 1500 s1·agm.‘25.
1537 1447 1607 1488 ed.

127 1523 273 1566 Geier.
310 1525 456 1578 (apud
486 1524 722 1565 Arrianuni
749 1524 839 1565 [nd.
869 1538 906 1566 e.
927 1523 1164 1577 30—31)‚
1198 1524 1322 1566 Diod.
1353 1524 1488 1568 XVII.
1513 1525 1608 1577 106,

127 1600 305 1644 Curtius
321 1603 374 1644 X.
393 1603 429 1646 2.
488 1603 542 1643 Et
573 1603 754 1656 primum
786 1604 960 1657 quidem
993 1605 1108 1658 quod
1140 1604 1197 1644 ad
1229 1617 1404 1657 pugnae
1433 1605 1606 1647 navalis

126 1682 265 1722 instar
303 1695 464 1735 proras
499 1691 653 1723 contra
686 1682 897 1723 balaenas
935 1684 1153 1725 direxisse
1191 1683 1476 1737 perhibentur
1511 1684 1606 1726 Ma-

128 1760 339 1814 cedones,
370 1761 411 1801 id
433 1760 500 1802 his
517 1762 692 1802 Arriani
721 1762 869 1802 verbis
889 1762 1072 1815 exprimi
1104 1761 1382 1803 manifestum
1411 1771 1500 1804 est:
1531 1762 1606 1806 καὶ

126 1838 225 1888 xcx-3:⁶³
259 1837 458 1889 οὕστινας
496 1839 746 1895 παραπλέων
785 1840 949 1896 ἐγένετο
983 1839 1033 1893 (ὃ
1059 1838 1304 1894 Νέαρχος),
1345 1842 1386 1890 ἐς
1413 1841 1605 1896 μέτωπον

127 1937 167 1959 τε
199 1918 397 1960 >caleficat
427 1919 697 1970 καταστῆσαι
729 1918 784 1968 ὡς
822 1916 885 1961 ἐπὶ
917 1917 1172 1974 ναυμαχίαν
1202 1918 1277 1969 ῖὰς
1306 1919 1417 1968 νέας.
1477 1923 1604 1968 Quae

127 2010 233 2037 vero
264 2005 508 2051 sequuntur
553 1997 680 2036 aliter
709 1997 869 2052 sparsis
898 2012 986 2037 non
1014 2003 1110 2038 erat
1148 1997 1332 2038 evadere
1370 1999 1454 2038 iani
1491 1999 1604 2041 Har-

127 2075 282 2117 duinus
322 2084 442 2116 recte
485 2074 704 2130 explicuit.
779 2074 962 2117 Scilicet
1004 2077 1043 2116 in
1075 2076 1230 2118 itinere
1265 2078 1435 2131 sparsi,
1476 2086 1605 2132 prout

125 2153 319 2195 velorum
352 2168 661 2209 remorumque
682 2154 898 2195 velocitas
920 2154 1106 2204 ferebat,
1136 2155 1416 2209 navigabant.
1460 2158 1602 2205 Quum

123 2247 232 2274 vero
254 2233 407 2274 ordine
430 2232 573 2274 soluto
597 2231 751 2273 belluis
772 2234 981 2272 resistere
1007 2247 1092 2273 non
1114 2233 1325 2285 valerent,
1353 2249 1378 2275 a
1399 2235 1602 2278 Nearcho

125 2311 250 2351 simul
284 2319 326 2352 et
357 2313 529 2366 agmine
559 2313 773 2352 instructo
802 2312 1021 2353 adversus
1043 2326 1186 2354 novos
1209 2313 1363 2356 hostes
1394 2315 1602 2358 incedere

125 2391 231 2432 iussi
261 2397 375 2431 sunt.
437 2392 566 2438 Quod
598 2392 748 2432 verbis
777 2391 953 2439 Arriani
985 2391 1084 2441 καὲ
1120 2388 1321 2443 οὕστινας
1350 2395 1603 2449 παραπλέων

123 2470 302 2525 ἐγένετο,
335 2470 540 2510 disertius
567 2471 695 2511 etiam
720 2470 772 2509 iis
802 2469 1034 2520 indicatur,
1067 2472 1223 2525 quibus
1254 2473 1486 2514 Nearchus
1517 2475 1603 2515 ius·

124 2551 239 2591 sisse
263 2550 448 2590 traditur
487 2548 561 2591 καὶ
587 2548 931 2600 ἐπαλαλάζοντας
962 2549 1095 2605 ὁμοῦ
1124 2551 1188 2604 τῷ
1217 2550 1372 2606 ροἓτῖῳ
1403 2551 1602 2604 πυκνήν

125 2646 165 2670 τε
194 2626 269 2670 καὶ
298 2626 375 2682 ξὺν
404 2627 546 2681 κτύπῳ
577 2627 719 2681 πολλῷ
757 2626 829 2679 τὴν
859 2626 1035 2682 εἰρεσίην
1064 2628 1305 2679 ποιέεσξναι·
1338 2626 1469 2679 οὕτως
1499 2630 1602 2674 ἀνα·

125 2707 436 2762 βαρσήσαντας
463 2707 594 2762 ὁμοῦ
623 2705 672 2759 δὴ
705 2706 839 2748 πλέειν
869 2706 952 2749 ἀπὸ
986 2707 1269 2762 ξυυὲτήυᾳτος.
1299 2709 1453 2764 Neque
1474 2710 1603 2764 igitur

128 2786 279 2840 spissos
318 2800 431 2841 opus
470 2797 537 2828 est
579 2794 624 2826 ut
668 2799 766 2826 cum
806 2784 902 2826 viro
946 2785 1077 2826 docto
1119 2787 1237 2840 apud
1270 2786 1601 2842 Dalecanipium
