<?xml version="1.0" encoding="UTF-8"?>
<!DOCTYPE html PUBLIC "-//W3C//DTD XHTML 1.0 Transitional//EN"
    "http://www.w3.org/TR/xhtml1/DTD/xhtml1-transitional.dtd">
<html xmlns="http://www.w3.org/1999/xhtml" xml:lang="en" lang="en">
 <head>
  <title>
</title>
<meta http-equiv="Content-Type" content="text/html;charset=utf-8" />
  <meta name='ocr-system' content='tesseract 3.04.00' />
  <meta name='ocr-capabilities' content='ocr_page ocr_carea ocr_par ocr_line ocrx_word'/>
</head>
<body>
  <div class='ocr_page' id='page_1' title='image "./vindiciaeplinian00urliuoft_0144.png"; bbox 0 0 1914 3237; ppageno 0'>
   <div class='ocr_carea' id='block_1_1' title="bbox 225 145 1109 190">
    <p class='ocr_par' dir='ltr' id='par_1_1' title="bbox 225 145 1109 190">
     <span class='ocr_line' id='line_1_1' title="bbox 225 145 1109 190; baseline 0.002 -3"><span class='ocrx_word' id='word_1_1' title='bbox 225 145 305 187; x_wconf 89' lang='grc'>140</span> <span class='ocrx_word' id='word_1_2' title='bbox 801 145 934 187; x_wconf 73' lang='lat' dir='ltr'>Liber</span> <span class='ocrx_word' id='word_1_3' title='bbox 965 145 1109 190; x_wconf 88' lang='lat' dir='ltr'><em>VIII.</em></span> 
     </span>
    </p>
   </div>
   <div class='ocr_carea' id='block_1_2' title="bbox 220 267 1694 1261">
    <p class='ocr_par' dir='ltr' id='par_1_2' title="bbox 220 267 1694 1261">
     <span class='ocr_line' id='line_1_2' title="bbox 223 267 1689 324; baseline -0.002 -13"><span class='ocrx_word' id='word_1_4' title='bbox 223 269 427 312; x_wconf 85' lang='lat' dir='ltr'>satietate</span> <span class='ocrx_word' id='word_1_5' title='bbox 462 280 621 309; x_wconf 81' lang='lat' dir='ltr'>cursus</span> <span class='ocrx_word' id='word_1_6' title='bbox 658 267 871 311; x_wconf 89' lang='lat' dir='ltr'>velocitas</span> <span class='ocrx_word' id='word_1_7' title='bbox 913 270 1204 311; x_wconf 75' lang='lat' dir='ltr'>imminuatur.</span> <span class='ocrx_word' id='word_1_8' title='bbox 1273 269 1360 309; x_wconf 87' lang='lat' dir='ltr'>lam</span> <span class='ocrx_word' id='word_1_9' title='bbox 1398 268 1528 324; x_wconf 87' lang='lat' dir='ltr'>igitur</span> <span class='ocrx_word' id='word_1_10' title='bbox 1571 267 1689 324; x_wconf 87' lang='lat' dir='ltr'>quod</span> 
     </span>
     <span class='ocr_line' id='line_1_3' title="bbox 221 344 1689 401; baseline 0 -14"><span class='ocrx_word' id='word_1_11' title='bbox 221 347 263 387; x_wconf 88' lang='lat' dir='ltr'>in</span> <span class='ocrx_word' id='word_1_12' title='bbox 296 346 494 386; x_wconf 89' lang='lat' dir='ltr'>omnibus</span> <span class='ocrx_word' id='word_1_13' title='bbox 528 344 622 386; x_wconf 80' lang='lat' dir='ltr'>sere</span> <span class='ocrx_word' id='word_1_14' title='bbox 652 344 774 387; x_wconf 87' lang='lat' dir='ltr'>libris</span> <span class='ocrx_word' id='word_1_15' title='bbox 805 346 962 401; x_wconf 78' lang='lat' dir='ltr'>legitur</span> <span class='ocrx_word' id='word_1_16' title='bbox 992 353 1068 387; x_wconf 81' lang='lat' dir='ltr'>aut</span> <span class='ocrx_word' id='word_1_17' title='bbox 1098 349 1274 388; x_wconf 92' lang='lat' dir='ltr'>omnino</span> <span class='ocrx_word' id='word_1_18' title='bbox 1295 346 1566 387; x_wconf 87' lang='lat' dir='ltr'>retinendum</span> <span class='ocrx_word' id='word_1_19' title='bbox 1596 345 1689 387; x_wconf 85' lang='lat' dir='ltr'>erit.</span> 
     </span>
     <span class='ocr_line' id='line_1_4' title="bbox 222 425 1690 479; baseline -0.001 -14"><span class='ocrx_word' id='word_1_20' title='bbox 222 426 325 466; x_wconf 84' lang='lat' dir='ltr'>Item</span> <span class='ocrx_word' id='word_1_21' title='bbox 359 426 398 465; x_wconf 92' lang='lat' dir='ltr'>in</span> <span class='ocrx_word' id='word_1_22' title='bbox 419 426 618 466; x_wconf 86' lang='lat' dir='ltr'>omnibns</span> <span class='ocrx_word' id='word_1_23' title='bbox 650 439 734 466; x_wconf 88' lang='lat' dir='ltr'>non</span> <span class='ocrx_word' id='word_1_24' title='bbox 766 425 936 476; x_wconf 78' lang='lat' dir='ltr'>abeant,</span> <span class='ocrx_word' id='word_1_25' title='bbox 967 427 1047 468; x_wconf 87' lang='lat' dir='ltr'>sed</span> <span class='ocrx_word' id='word_1_26' title='bbox 1078 425 1264 466; x_wconf 75' lang='lat' dir='ltr'><strong><em>habeant</em></strong></span> <span class='ocrx_word' id='word_1_27' title='bbox 1293 426 1503 479; x_wconf 87' lang='lat' dir='ltr'>scriptum</span> <span class='ocrx_word' id='word_1_28' title='bbox 1524 430 1690 471; x_wconf 75' lang='lat' dir='ltr'>exstat3</span> 
     </span>
     <span class='ocr_line' id='line_1_5' title="bbox 220 501 1688 557; baseline -0.001 -14"><span class='ocrx_word' id='word_1_29' title='bbox 220 511 446 557; x_wconf 88' lang='lat' dir='ltr'>postremo</span> <span class='ocrx_word' id='word_1_30' title='bbox 481 503 521 543; x_wconf 92' lang='lat' dir='ltr'>in</span> <span class='ocrx_word' id='word_1_31' title='bbox 553 503 772 545; x_wconf 82' lang='lat' dir='ltr'>nonnullis</span> <span class='ocrx_word' id='word_1_32' title='bbox 801 508 999 546; x_wconf 76' lang='lat' dir='ltr'>satietate</span> <span class='ocrx_word' id='word_1_33' title='bbox 1039 505 1108 557; x_wconf 89' lang='lat' dir='ltr'>(in</span> <span class='ocrx_word' id='word_1_34' title='bbox 1140 519 1161 545; x_wconf 93' lang='lat' dir='ltr'>r</span> <span class='ocrx_word' id='word_1_35' title='bbox 1191 511 1233 544; x_wconf 89' lang='lat' dir='ltr'>ct</span> <span class='ocrx_word' id='word_1_36' title='bbox 1264 503 1314 553; x_wconf 84' lang='lat' dir='ltr'>d,</span> <span class='ocrx_word' id='word_1_37' title='bbox 1343 515 1443 543; x_wconf 89' lang='lat' dir='ltr'>nam</span> <span class='ocrx_word' id='word_1_38' title='bbox 1474 503 1528 542; x_wconf 88' lang='lat' dir='ltr'>de</span> <span class='ocrx_word' id='word_1_39' title='bbox 1560 501 1688 542; x_wconf 87' lang='lat' dir='ltr'>Tole-</span> 
     </span>
     <span class='ocr_line' id='line_1_6' title="bbox 222 579 1690 636; baseline -0.001 -15"><span class='ocrx_word' id='word_1_40' title='bbox 222 588 325 622; x_wconf 86' lang='lat' dir='ltr'>tano</span> <span class='ocrx_word' id='word_1_41' title='bbox 356 580 391 621; x_wconf 92' lang='lat' dir='ltr'>T</span> <span class='ocrx_word' id='word_1_42' title='bbox 423 582 522 635; x_wconf 88' lang='lat' dir='ltr'>quid</span> <span class='ocrx_word' id='word_1_43' title='bbox 557 582 699 622; x_wconf 91' lang='lat' dir='ltr'>dicam</span> <span class='ocrx_word' id='word_1_44' title='bbox 730 582 899 631; x_wconf 86' lang='lat' dir='ltr'>nescio,</span> <span class='ocrx_word' id='word_1_45' title='bbox 930 595 1058 636; x_wconf 86' lang='lat' dir='ltr'>quem</span> <span class='ocrx_word' id='word_1_46' title='bbox 1091 582 1314 622; x_wconf 89' lang='lat' dir='ltr'>Pintianus</span> <span class='ocrx_word' id='word_1_47' title='bbox 1347 579 1582 621; x_wconf 76' lang='lat' dir='ltr'>ablativum</span> <span class='ocrx_word' id='word_1_48' title='bbox 1619 592 1690 619; x_wconf 82' lang='lat' dir='ltr'>ex-</span> 
     </span>
     <span class='ocr_line' id='line_1_7' title="bbox 221 656 1691 714; baseline -0.003 -14"><span class='ocrx_word' id='word_1_49' title='bbox 221 659 374 700; x_wconf 85' lang='lat' dir='ltr'>hibere</span> <span class='ocrx_word' id='word_1_50' title='bbox 405 660 551 709; x_wconf 86' lang='lat' dir='ltr'>tradit,</span> <span class='ocrx_word' id='word_1_51' title='bbox 583 659 778 714; x_wconf 82' lang='lat' dir='ltr'>Silligius</span> <span class='ocrx_word' id='word_1_52' title='bbox 809 658 1151 711; x_wconf 85' lang='lat' dir='ltr'>accusativum).</span> <span class='ocrx_word' id='word_1_53' title='bbox 1219 658 1359 699; x_wconf 86' lang='lat' dir='ltr'>Recte</span> <span class='ocrx_word' id='word_1_54' title='bbox 1395 658 1525 711; x_wconf 83' lang='lat' dir='ltr'>igitur</span> <span class='ocrx_word' id='word_1_55' title='bbox 1555 656 1691 697; x_wconf 79' lang='lat' dir='ltr'>scribi</span> 
     </span>
     <span class='ocr_line' id='line_1_8' title="bbox 221 735 1691 794; baseline -0.001 -17"><span class='ocrx_word' id='word_1_56' title='bbox 221 744 320 788; x_wconf 82' lang='lat' dir='ltr'>aut,</span> <span class='ocrx_word' id='word_1_57' title='bbox 365 739 404 778; x_wconf 84' lang='lat' dir='ltr'>si</span> <span class='ocrx_word' id='word_1_58' title='bbox 435 735 689 794; x_wconf 74' lang='lat' dir='ltr'>faqiemlum</span> <span class='ocrx_word' id='word_1_59' title='bbox 739 739 785 777; x_wconf 81' lang='lat' dir='ltr'>in</span> <span class='ocrx_word' id='word_1_60' title='bbox 820 738 1018 777; x_wconf 82' lang='lat' dir='ltr'>satietate</span> <span class='ocrx_word' id='word_1_61' title='bbox 1060 736 1248 777; x_wconf 82' lang='lat' dir='ltr'>habeant</span> <span class='ocrx_word' id='word_1_62' title='bbox 1298 744 1340 778; x_wconf 88' lang='lat' dir='ltr'>et</span> <span class='ocrx_word' id='word_1_63' title='bbox 1379 736 1606 777; x_wconf 88' lang='lat' dir='ltr'>Pintianus</span> <span class='ocrx_word' id='word_1_64' title='bbox 1648 741 1691 776; x_wconf 90' lang='lat' dir='ltr'>et</span> 
     </span>
     <span class='ocr_line' id='line_1_9' title="bbox 222 813 1692 869; baseline -0.003 -13"><span class='ocrx_word' id='word_1_65' title='bbox 222 815 468 856; x_wconf 81' lang='lat' dir='ltr'>Salmasius</span> <span class='ocrx_word' id='word_1_66' title='bbox 499 830 539 869; x_wconf 90' lang='lat' dir='ltr'>p.</span> <span class='ocrx_word' id='word_1_67' title='bbox 557 815 655 858; x_wconf 75' lang='lat'><strong>325.</strong></span> <span class='ocrx_word' id='word_1_68' title='bbox 687 815 1008 857; x_wconf 83' lang='lat' dir='ltr'>intellexerunt.</span> <span class='ocrx_word' id='word_1_69' title='bbox 1078 813 1195 854; x_wconf 88' lang='lat' dir='ltr'>Nihil</span> <span class='ocrx_word' id='word_1_70' title='bbox 1232 815 1345 855; x_wconf 89' lang='lat' dir='ltr'>enim</span> <span class='ocrx_word' id='word_1_71' title='bbox 1383 815 1425 854; x_wconf 88' lang='lat' dir='ltr'>in</span> <span class='ocrx_word' id='word_1_72' title='bbox 1455 814 1692 853; x_wconf 87' lang='lat' dir='ltr'>verborum</span> 
     </span>
     <span class='ocr_line' id='line_1_10' title="bbox 222 889 1693 950; baseline -0.003 -15"><span class='ocrx_word' id='word_1_73' title='bbox 222 902 443 935; x_wconf 77' lang='lat' dir='ltr'>structura</span> <span class='ocrx_word' id='word_1_74' title='bbox 473 895 622 935; x_wconf 84' lang='lat' dir='ltr'>inesse</span> <span class='ocrx_word' id='word_1_75' title='bbox 653 894 769 950; x_wconf 90' lang='lat' dir='ltr'>quod</span> <span class='ocrx_word' id='word_1_76' title='bbox 799 906 824 933; x_wconf 89' lang='lat' dir='ltr'>a</span> <span class='ocrx_word' id='word_1_77' title='bbox 858 893 980 933; x_wconf 87' lang='lat' dir='ltr'>Plinii</span> <span class='ocrx_word' id='word_1_78' title='bbox 1014 906 1096 933; x_wconf 92' lang='lat' dir='ltr'>usu</span> <span class='ocrx_word' id='word_1_79' title='bbox 1122 890 1386 943; x_wconf 84' lang='lat' dir='ltr'>abhorreat,</span> <span class='ocrx_word' id='word_1_80' title='bbox 1418 891 1580 931; x_wconf 84' lang='lat' dir='ltr'>docent</span> <span class='ocrx_word' id='word_1_81' title='bbox 1607 889 1693 931; x_wconf 91' lang='lat' dir='ltr'>loci</span> 
     </span>
     <span class='ocr_line' id='line_1_11' title="bbox 223 968 1692 1025; baseline -0.002 -14"><span class='ocrx_word' id='word_1_82' title='bbox 223 971 388 1011; x_wconf 84' lang='lat' dir='ltr'>similes</span> <span class='ocrx_word' id='word_1_83' title='bbox 421 971 475 1012; x_wconf 88' lang='lat' dir='ltr'>X.</span> <span class='ocrx_word' id='word_1_84' title='bbox 497 971 589 1012; x_wconf 80' lang='lat'>154.</span> <span class='ocrx_word' id='word_1_85' title='bbox 628 985 755 1025; x_wconf 86' lang='lat' dir='ltr'>„cum</span> <span class='ocrx_word' id='word_1_86' title='bbox 789 970 1096 1025; x_wconf 90' lang='lat' dir='ltr'>deponendum</span> <span class='ocrx_word' id='word_1_87' title='bbox 1128 970 1347 1011; x_wconf 77' lang='lat' dir='ltr'>haberet“</span> <span class='ocrx_word' id='word_1_88' title='bbox 1378 976 1420 1010; x_wconf 90' lang='lat' dir='ltr'>et</span> <span class='ocrx_word' id='word_1_89' title='bbox 1450 968 1692 1010; x_wconf 81' lang='lat' dir='ltr'><strong>XXX1.34.</strong></span> 
     </span>
     <span class='ocr_line' id='line_1_12' title="bbox 222 1049 1692 1104; baseline 0.001 -16"><span class='ocrx_word' id='word_1_90' title='bbox 222 1049 550 1099; x_wconf 82' lang='lat' dir='ltr'>„confitendum</span> <span class='ocrx_word' id='word_1_91' title='bbox 570 1049 777 1092; x_wconf 76' lang='lat' dir='ltr'>liabent“.</span> <span class='ocrx_word' id='word_1_92' title='bbox 816 1050 912 1091; x_wconf 86' lang='lat' dir='ltr'>Hoc</span> <span class='ocrx_word' id='word_1_93' title='bbox 942 1052 1083 1104; x_wconf 88' lang='lat' dir='ltr'>ipsum</span> <span class='ocrx_word' id='word_1_94' title='bbox 1116 1049 1283 1091; x_wconf 86' lang='lat' dir='ltr'>scilicet</span> <span class='ocrx_word' id='word_1_95' title='bbox 1314 1050 1509 1090; x_wconf 79' lang='lat' dir='ltr'>narravit</span> <span class='ocrx_word' id='word_1_96' title='bbox 1530 1049 1692 1090; x_wconf 85' lang='lat' dir='ltr'>Plinius</span> 
     </span>
     <span class='ocr_line' id='line_1_13' title="bbox 222 1126 1694 1183; baseline -0.001 -15"><span class='ocrx_word' id='word_1_97' title='bbox 222 1128 340 1182; x_wconf 88' lang='lat' dir='ltr'>quod</span> <span class='ocrx_word' id='word_1_98' title='bbox 371 1126 565 1168; x_wconf 88' lang='lat' dir='ltr'>Solinum</span> <span class='ocrx_word' id='word_1_99' title='bbox 596 1128 833 1170; x_wconf 85' lang='lat' dir='ltr'>tradidisse</span> <span class='ocrx_word' id='word_1_100' title='bbox 870 1128 1078 1180; x_wconf 84' lang='lat' dir='ltr'>vidimus,</span> <span class='ocrx_word' id='word_1_101' title='bbox 1121 1136 1194 1170; x_wconf 90' lang='lat' dir='ltr'>aut</span> <span class='ocrx_word' id='word_1_102' title='bbox 1229 1136 1411 1183; x_wconf 87' lang='lat' dir='ltr'>propter</span> <span class='ocrx_word' id='word_1_103' title='bbox 1445 1127 1528 1169; x_wconf 85' lang='lat' dir='ltr'>alvi</span> <span class='ocrx_word' id='word_1_104' title='bbox 1561 1141 1694 1181; x_wconf 80' lang='lat' dir='ltr'>angu-</span> 
     </span>
     <span class='ocr_line' id='line_1_14' title="bbox 223 1205 1694 1261; baseline -0.001 -14"><span class='ocrx_word' id='word_1_105' title='bbox 223 1206 349 1247; x_wconf 86' lang='lat' dir='ltr'>stiam</span> <span class='ocrx_word' id='word_1_106' title='bbox 378 1216 452 1247; x_wconf 84' lang='lat' dir='ltr'>aut</span> <span class='ocrx_word' id='word_1_107' title='bbox 470 1214 653 1261; x_wconf 90' lang='lat' dir='ltr'>propter</span> <span class='ocrx_word' id='word_1_108' title='bbox 681 1205 813 1261; x_wconf 85' lang='lat' dir='ltr'>fugae</span> <span class='ocrx_word' id='word_1_109' title='bbox 844 1205 1114 1247; x_wconf 85' lang='lat' dir='ltr'>celeritatem</span> <span class='ocrx_word' id='word_1_110' title='bbox 1145 1206 1270 1247; x_wconf 91' lang='lat' dir='ltr'>cibos</span> <span class='ocrx_word' id='word_1_111' title='bbox 1301 1219 1327 1246; x_wconf 86' lang='lat' dir='ltr'>a</span> <span class='ocrx_word' id='word_1_112' title='bbox 1348 1205 1476 1246; x_wconf 88' lang='lat' dir='ltr'>leone</span> <span class='ocrx_word' id='word_1_113' title='bbox 1508 1205 1694 1246; x_wconf 82' lang='lat' dir='ltr'>extrahi.</span> 
     </span>
    </p>
   </div>
   <div class='ocr_carea' id='block_1_3' title="bbox 223 1303 1702 2065">
    <p class='ocr_par' dir='ltr' id='par_1_3' title="bbox 223 1303 1702 2065">
     <span class='ocr_line' id='line_1_15' title="bbox 333 1303 1693 1359; baseline 0 -13"><span class='ocrx_word' id='word_1_114' title='bbox 333 1306 500 1346; x_wconf 88' lang='lat' dir='ltr'>Eadem</span> <span class='ocrx_word' id='word_1_115' title='bbox 523 1306 633 1346; x_wconf 87' lang='lat' dir='ltr'>ratio</span> <span class='ocrx_word' id='word_1_116' title='bbox 665 1313 733 1347; x_wconf 86' lang='lat' dir='ltr'>est</span> <span class='ocrx_word' id='word_1_117' title='bbox 759 1304 844 1347; x_wconf 91' lang='lat' dir='ltr'>loci</span> <span class='ocrx_word' id='word_1_118' title='bbox 868 1304 1050 1359; x_wconf 82' lang='lat' dir='ltr'>proximi</span> <span class='ocrx_word' id='word_1_119' title='bbox 1069 1305 1188 1359; x_wconf 61' lang='lat' dir='ltr'>§.cm</span> <span class='ocrx_word' id='word_1_120' title='bbox 1207 1305 1278 1345; x_wconf 92' lang='lat' dir='ltr'>ubi</span> <span class='ocrx_word' id='word_1_121' title='bbox 1295 1305 1543 1345; x_wconf 88' lang='lat' dir='ltr'>rectissime</span> <span class='ocrx_word' id='word_1_122' title='bbox 1562 1303 1693 1359; x_wconf 82' lang='lat' dir='ltr'>vulgo</span> 
     </span>
     <span class='ocr_line' id='line_1_16' title="bbox 224 1381 1694 1439; baseline -0.001 -14"><span class='ocrx_word' id='word_1_123' title='bbox 224 1400 248 1425; x_wconf 91' lang='lat' dir='ltr'>e</span> <span class='ocrx_word' id='word_1_124' title='bbox 280 1384 501 1439; x_wconf 87' lang='lat' dir='ltr'>plerisque</span> <span class='ocrx_word' id='word_1_125' title='bbox 531 1384 758 1425; x_wconf 84' lang='lat' dir='ltr'>codicibus</span> <span class='ocrx_word' id='word_1_126' title='bbox 790 1382 947 1436; x_wconf 80' lang='lat' dir='ltr'>legitur</span> <span class='ocrx_word' id='word_1_127' title='bbox 978 1387 1092 1421; x_wconf 80' lang='lat' dir='ltr'>metu</span> <span class='ocrx_word' id='word_1_128' title='bbox 1120 1396 1283 1436; x_wconf 78' lang='lat' dir='ltr'>poenae</span> <span class='ocrx_word' id='word_1_129' title='bbox 1307 1381 1469 1432; x_wconf 81' lang='lat' dir='ltr'>similis,</span> <span class='ocrx_word' id='word_1_130' title='bbox 1502 1381 1694 1436; x_wconf 78' lang='lat' dir='ltr'>Silligins</span> 
     </span>
     <span class='ocr_line' id='line_1_17' title="bbox 224 1461 1699 1518; baseline -0.003 -13"><span class='ocrx_word' id='word_1_131' title='bbox 224 1478 354 1506; x_wconf 91' lang='lat' dir='ltr'>unum</span> <span class='ocrx_word' id='word_1_132' title='bbox 370 1464 434 1514; x_wconf 82' lang='lat' dir='ltr'>R,</span> <span class='ocrx_word' id='word_1_133' title='bbox 462 1477 649 1518; x_wconf 88' lang='lat' dir='ltr'>eumque</span> <span class='ocrx_word' id='word_1_134' title='bbox 680 1476 736 1503; x_wconf 86' lang='lat' dir='ltr'>ne</span> <span class='ocrx_word' id='word_1_135' title='bbox 766 1464 908 1516; x_wconf 88' lang='lat' dir='ltr'>ipsum</span> <span class='ocrx_word' id='word_1_136' title='bbox 936 1461 1110 1516; x_wconf 87' lang='lat' dir='ltr'>quidem</span> <span class='ocrx_word' id='word_1_137' title='bbox 1142 1461 1360 1515; x_wconf 82' lang='lat' dir='ltr'>integrum</span> <span class='ocrx_word' id='word_1_138' title='bbox 1390 1463 1510 1513; x_wconf 91' lang='lat' dir='ltr'>(nam</span> <span class='ocrx_word' id='word_1_139' title='bbox 1527 1461 1587 1501; x_wconf 82' lang='lat' dir='ltr'>R¹</span> <span class='ocrx_word' id='word_1_140' title='bbox 1602 1476 1643 1500; x_wconf 87' lang='lat' dir='ltr'>m</span> <span class='ocrx_word' id='word_1_141' title='bbox 1659 1462 1699 1501; x_wconf 82' lang='lat' dir='ltr'>ei</span> 
     </span>
     <span class='ocr_line' id='line_1_18' title="bbox 223 1537 1696 1596; baseline -0.004 -12"><span class='ocrx_word' id='word_1_142' title='bbox 223 1543 387 1595; x_wconf 83' lang='lat' dir='ltr'>habet)</span> <span class='ocrx_word' id='word_1_143' title='bbox 422 1542 544 1596; x_wconf 89' lang='lat' dir='ltr'>sequi</span> <span class='ocrx_word' id='word_1_144' title='bbox 575 1539 721 1581; x_wconf 89' lang='lat' dir='ltr'>maluit</span> <span class='ocrx_word' id='word_1_145' title='bbox 752 1547 794 1580; x_wconf 89' lang='lat' dir='ltr'>et</span> <span class='ocrx_word' id='word_1_146' title='bbox 827 1537 1178 1578; x_wconf 81' lang='lat' dir='ltr'>molestissimam</span> <span class='ocrx_word' id='word_1_147' title='bbox 1209 1537 1548 1592; x_wconf 80' lang='lat' dir='ltr'>dittographiam</span> <span class='ocrx_word' id='word_1_148' title='bbox 1580 1545 1696 1578; x_wconf 73' lang='lat' dir='ltr'>metu</span> 
     </span>
     <span class='ocr_line' id='line_1_19' title="bbox 224 1614 1698 1671; baseline -0.003 -10"><span class='ocrx_word' id='word_1_149' title='bbox 224 1623 316 1662; x_wconf 81' lang='lat' dir='ltr'>eins</span> <span class='ocrx_word' id='word_1_150' title='bbox 354 1619 487 1660; x_wconf 87' lang='lat' dir='ltr'>l&#39;linio</span> <span class='ocrx_word' id='word_1_151' title='bbox 518 1617 716 1659; x_wconf 84' lang='lat' dir='ltr'>obtrusit.</span> <span class='ocrx_word' id='word_1_152' title='bbox 783 1616 968 1656; x_wconf 80' lang='lat' dir='ltr'>Possem</span> <span class='ocrx_word' id='word_1_153' title='bbox 998 1614 1127 1655; x_wconf 82' lang='lat' dir='ltr'>etiam</span> <span class='ocrx_word' id='word_1_154' title='bbox 1152 1614 1275 1670; x_wconf 64' lang='lat' dir='ltr'>§.5st</span> <span class='ocrx_word' id='word_1_155' title='bbox 1306 1615 1442 1657; x_wconf 90' lang='lat' dir='ltr'>libros</span> <span class='ocrx_word' id='word_1_156' title='bbox 1476 1624 1518 1657; x_wconf 89' lang='lat' dir='ltr'>et</span> <span class='ocrx_word' id='word_1_157' title='bbox 1548 1617 1698 1671; x_wconf 81' lang='lat' dir='ltr'>vulga-</span> 
     </span>
     <span class='ocr_line' id='line_1_20' title="bbox 226 1694 1697 1752; baseline -0.002 -12"><span class='ocrx_word' id='word_1_158' title='bbox 226 1708 311 1740; x_wconf 89' lang='lat' dir='ltr'>tam</span> <span class='ocrx_word' id='word_1_159' title='bbox 342 1699 603 1752; x_wconf 85' lang='lat' dir='ltr'>scripturam</span> <span class='ocrx_word' id='word_1_160' title='bbox 636 1710 662 1737; x_wconf 87' lang='lat' dir='ltr'>a</span> <span class='ocrx_word' id='word_1_161' title='bbox 694 1694 846 1749; x_wconf 83' lang='lat' dir='ltr'>Silligii</span> <span class='ocrx_word' id='word_1_162' title='bbox 877 1694 1147 1736; x_wconf 90' lang='lat' dir='ltr'>coniecturis</span> <span class='ocrx_word' id='word_1_163' title='bbox 1176 1695 1418 1746; x_wconf 87' lang='lat' dir='ltr'>vindicare,</span> <span class='ocrx_word' id='word_1_164' title='bbox 1449 1709 1599 1737; x_wconf 87' lang='lat' dir='ltr'>verum</span> <span class='ocrx_word' id='word_1_165' title='bbox 1630 1709 1697 1737; x_wconf 86' lang='lat' dir='ltr'>re-</span> 
     </span>
     <span class='ocr_line' id='line_1_21' title="bbox 227 1773 1697 1827; baseline -0.003 -7"><span class='ocrx_word' id='word_1_166' title='bbox 227 1779 445 1820; x_wconf 87' lang='lat' dir='ltr'>deundum</span> <span class='ocrx_word' id='word_1_167' title='bbox 475 1785 543 1818; x_wconf 87' lang='lat' dir='ltr'>est</span> <span class='ocrx_word' id='word_1_168' title='bbox 573 1777 628 1817; x_wconf 88' lang='lat' dir='ltr'>ad</span> <span class='ocrx_word' id='word_1_169' title='bbox 650 1776 889 1817; x_wconf 89' lang='lat' dir='ltr'>institutum</span> <span class='ocrx_word' id='word_1_170' title='bbox 908 1774 1072 1827; x_wconf 77' lang='lat' dir='ltr'>operis,</span> <span class='ocrx_word' id='word_1_171' title='bbox 1105 1782 1148 1814; x_wconf 90' lang='lat' dir='ltr'>ut</span> <span class='ocrx_word' id='word_1_172' title='bbox 1167 1788 1253 1815; x_wconf 86' lang='lat' dir='ltr'>non</span> <span class='ocrx_word' id='word_1_173' title='bbox 1274 1783 1426 1816; x_wconf 85' lang='lat' dir='ltr'>vetera</span> <span class='ocrx_word' id='word_1_174' title='bbox 1445 1773 1697 1825; x_wconf 82' lang='lat' dir='ltr'>defendam,</span> 
     </span>
     <span class='ocr_line' id='line_1_22' title="bbox 227 1852 1696 1911; baseline -0.002 -13"><span class='ocrx_word' id='word_1_175' title='bbox 227 1858 308 1899; x_wconf 88' lang='lat' dir='ltr'>sed</span> <span class='ocrx_word' id='word_1_176' title='bbox 351 1870 465 1911; x_wconf 88' lang='lat' dir='ltr'>quac</span> <span class='ocrx_word' id='word_1_177' title='bbox 503 1855 602 1895; x_wconf 82' lang='lat' dir='ltr'>mihi</span> <span class='ocrx_word' id='word_1_178' title='bbox 642 1867 759 1895; x_wconf 87' lang='lat' dir='ltr'>nova</span> <span class='ocrx_word' id='word_1_179' title='bbox 789 1854 1014 1907; x_wconf 87' lang='lat' dir='ltr'>reperisse</span> <span class='ocrx_word' id='word_1_180' title='bbox 1051 1853 1226 1906; x_wconf 86' lang='lat' dir='ltr'>videor,</span> <span class='ocrx_word' id='word_1_181' title='bbox 1267 1852 1501 1908; x_wconf 84' lang='lat' dir='ltr'>legentium</span> <span class='ocrx_word' id='word_1_182' title='bbox 1536 1854 1696 1895; x_wconf 89' lang='lat' dir='ltr'>iudicio</span> 
     </span>
     <span class='ocr_line' id='line_1_23' title="bbox 227 1929 1702 1987; baseline -0.002 -11"><span class='ocrx_word' id='word_1_183' title='bbox 227 1934 470 1976; x_wconf 83' lang='lat' dir='ltr'>subiiciam.</span> <span class='ocrx_word' id='word_1_184' title='bbox 513 1932 550 1987; x_wconf 60' lang='grc' dir='ltr'>ξ.</span> <span class='ocrx_word' id='word_1_185' title='bbox 576 1931 643 1972; x_wconf 76' lang='lat'>52.</span> <span class='ocrx_word' id='word_1_186' title='bbox 686 1944 814 1985; x_wconf 88' lang='lat' dir='ltr'>quum</span> <span class='ocrx_word' id='word_1_187' title='bbox 842 1929 883 1970; x_wconf 88' lang='lat' dir='ltr'>R</span> <span class='ocrx_word' id='word_1_188' title='bbox 924 1944 970 1969; x_wconf 85' lang='lat' dir='ltr'>ec</span> <span class='ocrx_word' id='word_1_189' title='bbox 1002 1930 1027 1969; x_wconf 89' lang='lat' dir='ltr'>d</span> <span class='ocrx_word' id='word_1_190' title='bbox 1058 1929 1134 1969; x_wconf 82' lang='lat' dir='ltr'>sed</span> <span class='ocrx_word' id='word_1_191' title='bbox 1165 1930 1376 1982; x_wconf 83' lang='lat' dir='ltr'>habeant,</span> <span class='ocrx_word' id='word_1_192' title='bbox 1421 1931 1702 1973; x_wconf 88' lang='lat' dir='ltr'>scribendum</span> 
     </span>
     <span class='ocr_line' id='line_1_24' title="bbox 229 2007 1697 2065; baseline -0.003 -10"><span class='ocrx_word' id='word_1_193' title='bbox 229 2014 428 2055; x_wconf 81' lang='lat' dir='ltr'>existimo</span> <span class='ocrx_word' id='word_1_194' title='bbox 450 2017 490 2052; x_wconf 83' lang='lat' dir='ltr'>et</span> <span class='ocrx_word' id='word_1_195' title='bbox 512 2016 619 2059; x_wconf 81' lang='lat' dir='ltr'>tam,</span> <span class='ocrx_word' id='word_1_196' title='bbox 643 2010 679 2065; x_wconf 54' lang='grc' dir='ltr'>ὃ.</span> <span class='ocrx_word' id='word_1_197' title='bbox 701 2008 775 2063; x_wconf 84' lang='grc'>55’,</span> <span class='ocrx_word' id='word_1_198' title='bbox 790 2008 861 2052; x_wconf 84' lang='grc'>56.</span> <span class='ocrx_word' id='word_1_199' title='bbox 884 2015 927 2049; x_wconf 89' lang='lat' dir='ltr'>ct</span> <span class='ocrx_word' id='word_1_200' title='bbox 947 2008 1018 2052; x_wconf 82' lang='lat'>57.</span> <span class='ocrx_word' id='word_1_201' title='bbox 1039 2007 1260 2062; x_wconf 78' lang='lat' dir='ltr'>vulgatam</span> <span class='ocrx_word' id='word_1_202' title='bbox 1288 2008 1517 2051; x_wconf 88' lang='lat' dir='ltr'>lectionem</span> <span class='ocrx_word' id='word_1_203' title='bbox 1541 2011 1697 2064; x_wconf 86' lang='lat' dir='ltr'>probo.</span> 
     </span>
    </p>
   </div>
   <div class='ocr_carea' id='block_1_4' title="bbox 124 2142 1700 2568">
    <p class='ocr_par' dir='ltr' id='par_1_4' title="bbox 124 2142 1130 2204">
     <span class='ocr_line' id='line_1_25' title="bbox 124 2142 1130 2204; baseline 0 -14"><span class='ocrx_word' id='word_1_204' title='bbox 124 2163 204 2204; x_wconf 71' lang='lat'>174</span> <span class='ocrx_word' id='word_1_205' title='bbox 795 2143 858 2190; x_wconf 85' lang='grc'>60</span> <span class='ocrx_word' id='word_1_206' title='bbox 877 2163 928 2186; x_wconf 89' lang='lat'><strong><em>=</em></strong></span> <span class='ocrx_word' id='word_1_207' title='bbox 952 2143 1030 2203; x_wconf 85' lang='lat'>17,</span> <span class='ocrx_word' id='word_1_208' title='bbox 1051 2142 1130 2190; x_wconf 80' lang='lat'>21.</span> 
     </span>
    </p>

    <p class='ocr_par' dir='ltr' id='par_1_5' title="bbox 296 2241 1700 2568">
     <span class='ocr_line' id='line_1_26' title="bbox 370 2241 1698 2308; baseline -0.001 -15"><span class='ocrx_word' id='word_1_209' title='bbox 370 2282 381 2293; x_wconf 92' lang='lat'><strong>.</strong></span> <span class='ocrx_word' id='word_1_210' title='bbox 420 2252 473 2293; x_wconf 92' lang='lat' dir='ltr'>ut</span> <span class='ocrx_word' id='word_1_211' title='bbox 513 2261 705 2293; x_wconf 87' lang='lat' dir='ltr'>causam</span> <span class='ocrx_word' id='word_1_212' title='bbox 754 2242 935 2291; x_wconf 83' lang='lat' dir='ltr'>doloris</span> <span class='ocrx_word' id='word_1_213' title='bbox 974 2241 1214 2290; x_wconf 84' lang='lat' dir='ltr'>intellexit</span> <span class='ocrx_word' id='word_1_214' title='bbox 1253 2243 1491 2308; x_wconf 89' lang='lat' dir='ltr'>simulque</span> <span class='ocrx_word' id='word_1_215' title='bbox 1529 2245 1698 2292; x_wconf 85' lang='lat' dir='ltr'>salutis</span> 
     </span>
     <span class='ocr_line' id='line_1_27' title="bbox 296 2334 1698 2400; baseline -0.003 -14"><span class='ocrx_word' id='word_1_216' title='bbox 296 2355 412 2386; x_wconf 85' lang='lat' dir='ltr'>suae</span> <span class='ocrx_word' id='word_1_217' title='bbox 445 2336 739 2396; x_wconf 83' lang='lat' dir='ltr'>mercedem,</span> <span class='ocrx_word' id='word_1_218' title='bbox 777 2334 960 2383; x_wconf 78' lang='lat' dir='ltr'>exemit</span> <span class='ocrx_word' id='word_1_219' title='bbox 996 2334 1180 2381; x_wconf 85' lang='lat' dir='ltr'>catulos</span> <span class='ocrx_word' id='word_1_220' title='bbox 1213 2350 1319 2382; x_wconf 86' lang='lat' dir='ltr'>eam</span> <span class='ocrx_word' id='word_1_221' title='bbox 1342 2342 1698 2400; x_wconf 83' lang='lat' dir='ltr'>prosequentes</span> 
     </span>
     <span class='ocr_line' id='line_1_28' title="bbox 298 2424 1700 2492; baseline -0.001 -16"><span class='ocrx_word' id='word_1_222' title='bbox 298 2445 451 2492; x_wconf 87' lang='lat' dir='ltr'>usquc</span> <span class='ocrx_word' id='word_1_223' title='bbox 484 2435 623 2476; x_wconf 80' lang='lat' dir='ltr'>extra</span> <span class='ocrx_word' id='word_1_224' title='bbox 660 2426 970 2486; x_wconf 87' lang='lat' dir='ltr'>solitudines,</span> <span class='ocrx_word' id='word_1_225' title='bbox 1005 2424 1243 2473; x_wconf 84' lang='lat' dir='ltr'>deductus</span> <span class='ocrx_word' id='word_1_226' title='bbox 1278 2427 1403 2475; x_wconf 83' lang='lat' dir='ltr'>laeta</span> <span class='ocrx_word' id='word_1_227' title='bbox 1439 2435 1583 2491; x_wconf 84' lang='lat' dir='ltr'>atque</span> <span class='ocrx_word' id='word_1_228' title='bbox 1619 2444 1700 2491; x_wconf 80' lang='lat' dir='ltr'>ge-</span> 
     </span>
     <span class='ocr_line' id='line_1_29' title="bbox 296 2521 488 2568; baseline -0.01 0"><span class='ocrx_word' id='word_1_229' title='bbox 296 2521 488 2568; x_wconf 89' lang='lat' dir='ltr'>stiente.</span> 
     </span>
    </p>
   </div>
   <div class='ocr_carea' id='block_1_5' title="bbox 229 2615 1701 2833">
    <p class='ocr_par' dir='ltr' id='par_1_6' title="bbox 229 2615 1701 2833">
     <span class='ocr_line' id='line_1_30' title="bbox 340 2615 1698 2675; baseline -0.004 -15"><span class='ocrx_word' id='word_1_230' title='bbox 340 2620 404 2660; x_wconf 86' lang='lat' dir='ltr'>lta</span> <span class='ocrx_word' id='word_1_231' title='bbox 434 2618 628 2673; x_wconf 82' lang='lat' dir='ltr'>Silligius</span> <span class='ocrx_word' id='word_1_232' title='bbox 659 2630 684 2658; x_wconf 89' lang='lat' dir='ltr'>e</span> <span class='ocrx_word' id='word_1_233' title='bbox 716 2616 841 2658; x_wconf 87' lang='lat' dir='ltr'>codd.</span> <span class='ocrx_word' id='word_1_234' title='bbox 870 2615 932 2657; x_wconf 61' lang='grc' dir='ltr'>1ἶῖ</span> <span class='ocrx_word' id='word_1_235' title='bbox 966 2625 999 2658; x_wconf 91' lang='grc' dir='ltr'>Θ</span> <span class='ocrx_word' id='word_1_236' title='bbox 1035 2616 1256 2670; x_wconf 84' lang='lat' dir='ltr'>vulgatam</span> <span class='ocrx_word' id='word_1_237' title='bbox 1291 2616 1523 2657; x_wconf 90' lang='lat' dir='ltr'>lectionem</span> <span class='ocrx_word' id='word_1_238' title='bbox 1563 2629 1698 2675; x_wconf 81' lang='lat' dir='ltr'>eaque</span> 
     </span>
     <span class='ocr_line' id='line_1_31' title="bbox 229 2695 1696 2757; baseline -0.003 -18"><span class='ocrx_word' id='word_1_239' title='bbox 229 2713 326 2739; x_wconf 82' lang='lat' dir='ltr'>cum</span> <span class='ocrx_word' id='word_1_240' title='bbox 356 2697 408 2738; x_wconf 81' lang='lat' dir='ltr'>iis</span> <span class='ocrx_word' id='word_1_241' title='bbox 432 2702 713 2757; x_wconf 77' lang='lat' dir='ltr'>prosequente</span> <span class='ocrx_word' id='word_1_242' title='bbox 740 2695 1002 2746; x_wconf 76' lang='lat' dir='ltr'>immutavit,</span> <span class='ocrx_word' id='word_1_243' title='bbox 1033 2709 1161 2750; x_wconf 90' lang='lat' dir='ltr'>quam</span> <span class='ocrx_word' id='word_1_244' title='bbox 1191 2695 1528 2749; x_wconf 89' lang='lat' dir='ltr'>interpolatione</span> <span class='ocrx_word' id='word_1_245' title='bbox 1558 2703 1696 2736; x_wconf 88' lang='lat' dir='ltr'>ortam</span> 
     </span>
     <span class='ocr_line' id='line_1_32' title="bbox 231 2771 1701 2833; baseline -0.005 -13"><span class='ocrx_word' id='word_1_246' title='bbox 231 2791 335 2821; x_wconf 88' lang='lat' dir='ltr'>esse</span> <span class='ocrx_word' id='word_1_247' title='bbox 364 2776 566 2833; x_wconf 79' lang='lat' dir='ltr'>proxima</span> <span class='ocrx_word' id='word_1_248' title='bbox 597 2776 735 2817; x_wconf 88' lang='lat' dir='ltr'>verba</span> <span class='ocrx_word' id='word_1_249' title='bbox 765 2775 1014 2818; x_wconf 89' lang='lat' dir='ltr'>ostendunt.</span> <span class='ocrx_word' id='word_1_250' title='bbox 1052 2775 1207 2829; x_wconf 84' lang='lat' dir='ltr'>Neque</span> <span class='ocrx_word' id='word_1_251' title='bbox 1223 2786 1331 2815; x_wconf 89' lang='lat' dir='ltr'>vero</span> <span class='ocrx_word' id='word_1_252' title='bbox 1357 2772 1400 2813; x_wconf 87' lang='lat' dir='ltr'>id</span> <span class='ocrx_word' id='word_1_253' title='bbox 1420 2771 1573 2814; x_wconf 89' lang='lat' dir='ltr'>mirum</span> <span class='ocrx_word' id='word_1_254' title='bbox 1605 2771 1701 2822; x_wconf 85' lang='lat' dir='ltr'>suit,</span> 
     </span>
    </p>
   </div>
  </div>
 </body>
</html>
