1914 3237
285 174 338 217 32
876 176 992 214 Liber
1020 176 1161 215 XVII.

285 316 435 357 nempe
473 303 670 356 ,iniugem
703 304 842 343 anum‘
875 317 1045 344 vaccam
1080 316 1174 344 esse
1200 303 1365 354 statuit,
1405 316 1485 357 qua
1512 317 1612 344 sane
1645 317 1742 344 eon·

285 382 445 421 iectura
474 380 629 420 nullam
661 381 829 420 omnino
874 382 969 421 novi
1001 381 1284 421 infeliciorem.
1346 380 1492 435 Neque
1523 381 1632 420 enim
1664 395 1744 421 vox

284 458 465 512 ,iniugis‘
496 471 671 512 usquam
703 458 814 511 apud
833 458 1013 498 Plinium
1039 459 1256 512 reperitur,
1287 472 1422 512 neque
1454 462 1588 510 ,anus‘
1618 472 1743 500 vacca

284 536 539 591 appellatur,
572 548 707 590 neque
740 536 892 590 iniugis
924 549 1051 576 vacca
1084 536 1123 576 in
1154 537 1252 590 iugo
1285 550 1378 576 esse
1409 544 1560 591 potest.
1621 535 1745 576 Codi-

284 626 354 654 ces
386 627 550 653 summa
579 612 804 653 concordia
824 612 980 653 habent
1010 617 1119 663 iunqe·
1140 628 1266 654 unum
1297 628 1485 655 vomerem
1518 618 1743 656 trahentem.

284 693 340 733 At
369 705 456 746 ,per
493 691 684 743 eandem,
716 690 802 732 Sill.
834 691 987 744 inquit,
1028 690 1218 731 codicum
1258 692 1480 732 lectionem
1513 692 1639 732 cardo
1670 693 1744 743 rei,

284 769 427 821 ‚asello
459 774 499 809 et
531 782 613 808 anu
645 781 838 822 campum
864 767 1021 819 scindi,
1052 781 1224 822 prorsus
1247 769 1423 823 tollitur-3
1454 770 1627 809 nimium
1658 776 1743 810 tum

284 846 491 899 ,tribuitur
524 846 676 897 asello,
729 851 770 885 et
801 845 943 886 iuncta
973 858 1078 885 anus
1118 859 1329 887 vomerem
1360 846 1531 887 trahens
1562 846 1648 887 fere
1678 861 1746 887 su-

284 936 507 979 ‚pervacua
536 923 729 964 videtur.‘
787 922 1011 974 Audirem,
1056 923 1089 963 si
1131 937 1235 964 anus
1275 938 1368 965 cum
1403 926 1530 965 asello
1563 930 1744 965 aratrum

284 1001 451 1042 trahere
481 1000 702 1041 diceretur.
763 999 931 1041 Scilicet
961 1000 1079 1042 obliti
1110 1008 1229 1042 erant
1268 1003 1343 1043 viri
1375 1003 1486 1044 docti
1517 1004 1640 1044 etiam
1673 1003 1747 1043 bu-

286 1079 406 1120 bulco
437 1078 491 1119 ad
522 1077 725 1119 arandum
758 1091 862 1132 opus
894 1092 1000 1120 esse.
1033 1080 1124 1120 Hoc
1155 1081 1265 1120 enim
1301 1080 1400 1122 dicit
1427 1081 1607 1122 Plinius:
1640 1095 1746 1136 quae

285 1158 383 1198 alibi
415 1157 589 1198 duorum
636 1156 789 1197 bovum
830 1162 971 1211 partes
1011 1162 1127 1210 sunt,
1176 1158 1226 1198 iis
1258 1159 1299 1198 in
1330 1158 1474 1199 Africa
1504 1174 1610 1200 unus
1642 1159 1746 1199 asel-

285 1237 348 1276 lus
391 1236 651 1290 defungitur,
697 1248 802 1274 anus
847 1241 988 1275 autem
1027 1236 1243 1287 ,vilissima
1288 1239 1428 1291 opera‘
1463 1236 1605 1288 (Xlll.
1640 1236 1742 1283 132)

285 1314 322 1355 ei
353 1313 486 1354 labori
525 1326 600 1367 par
639 1317 702 1352 est
732 1312 801 1366 qui
840 1313 938 1354 alibi
979 1326 1003 1353 a
1032 1313 1212 1355 bubulco
1261 1315 1484 1369 suscipitur
1516 1314 1592 1369 (cf.
1621 1313 1745 1355 Colu-

284 1392 410 1433 mella
458 1392 510 1431 11.
540 1390 604 1446 2).
692 1389 811 1436 Quae
861 1391 967 1431 ratio
1027 1392 1293 1445 apertissima
1352 1397 1577 1447 propterea
1636 1393 1746 1433 viros

285 1472 431 1512 doctos
449 1469 568 1523 fugit,
600 1468 710 1523 quod
737 1483 819 1509 non
844 1469 1232 1511 animadverterant
1247 1484 1374 1511 unum
1392 1484 1559 1511 versum
1579 1469 1748 1510 XXVII

284 1549 516 1590 litterarum
554 1547 711 1587 librarii
756 1547 1016 1602 negligentia
1055 1548 1145 1589 loco
1193 1553 1352 1589 motum
1396 1555 1436 1589 et
1474 1555 1559 1589 tum
1595 1562 1748 1602 pravae

284 1626 585 1682 congruentiae
617 1639 745 1666 causa
782 1625 1010 1666 ablativum
1042 1629 1221 1668 trahente
1258 1628 1298 1667 in
1339 1627 1623 1668 accusativum
1656 1639 1749 1667 esse

287 1712 506 1747 mutatum.
566 1704 728 1752 Quibus
766 1704 964 1745 correctis
1011 1704 1116 1745 haec
1159 1705 1342 1745 Plinium
1387 1705 1604 1761 scripsisse
1651 1719 1747 1746 con-

285 1784 434 1826 tendo:

340 1900 392 1904 -
419 1882 512 1926 pos!
540 1876 681 1914 imbres
728 1878 792 1914 vila·
822 1878 940 1915 asello
980 1888 1168 1915 vomerem
1200 1878 1378 1916 trahente
1415 1879 1580 1916 vidimus
1619 1877 1749 1915 scindi

342 1961 378 1994 el
399 1968 423 1995 ιι
450 1960 567 2005 parle
596 1955 724 1993 altera
753 1955 865 2003 iztrzye'
888 1966 1019 1993 anum.

177 2131 256 2176 307
865 2113 926 2159 42
961 2125 1011 2146 =
1050 2114 1092 2168 (i,
1130 2113 1173 2159 4.

350 2211 462 2259 Alia
516 2214 590 2259 est
641 2210 760 2259 ratio
820 2225 961 2273 quam
1007 2209 1284 2258 Britanniae
1338 2215 1384 2258 et
1441 2208 1623 2258 Galliae
1677 2209 1746 2257 in-

354 2314 531 2347 venere
569 2297 730 2346 alendi
768 2314 872 2346 eam
910 2298 1034 2362 ipsa,
1081 2312 1339 2361 genusque
1389 2297 1520 2361 quod
1566 2303 1743 2346 vocant

351 2401 580 2450 margam.
618 2384 833 2450 Spissior
870 2391 961 2435 etc.

396 2474 528 2514 Recte
560 2475 618 2513 sic
648 2473 798 2525 Ianus,
828 2475 907 2514 nisi
939 2472 1049 2528 quod
1081 2472 1252 2513 verbum
1286 2478 1380 2527 post
1413 2473 1605 2527 copulam
1638 2472 1745 2512 desi-

288 2552 466 2593 deratur.
500 2551 622 2598 Quod
643 2565 734 2592 cum
768 2551 983 2592 electione
1015 2549 1134 2590 codd.
1166 2552 1199 2590 D
1218 2565 1243 2591 a
1271 2554 1380 2602 ipsae
1410 2550 1532 2591 facile
1564 2557 1745 2601 eruatur,

288 2631 429 2671 deleta
458 2630 608 2684 copula
639 2644 714 2680 que
753 2643 860 2684 quae
892 2642 914 2669 e
954 2629 1127 2670 relativo
1159 2629 1362 2682 originem
1395 2628 1572 2668 duxerat
1604 2628 1744 2683 legen-

288 2708 386 2748 dum
418 2712 501 2748 est:

341 2790 443 2838 ipsa.
487 2788 556 2825 Es!
583 2800 707 2836 yellus
737 2789 846 2837 quod
875 2792 1018 2827 vocam
1045 2799 1244 2841 marqam:
1270 2789 1437 2836 spissior
1465 2789 1529 2825 rel.
