1914 3237
290 141 369 181 164
901 139 1030 181 Liber
1061 141 1145 182 ΧῙ.

180 274 258 312 ‘201
855 263 919 311 92
945 288 988 307 =
1015 265 1095 323 26,
1119 264 1197 312 32.

354 363 578 426 Sequens
619 371 695 411 est
734 365 950 412 volatura
995 381 1052 413 ea
1099 382 1222 429 quae
1269 373 1468 423 canunt3
1523 373 1754 414 vocantur

350 453 568 515 achetae,
601 461 650 501 et
672 470 795 518 quae
829 453 1092 502 minores
1124 472 1194 503 cx
1226 454 1322 502 his
1353 462 1465 502 sunt.
1489 455 1752 520 tottigonia,

350 542 436 590 sed
477 542 584 591 illae
621 542 770 608 magis
809 559 1032 591 canorae.

393 656 490 698 Duo
527 657 779 698 cicadarum
820 669 987 710 genera
1027 657 1250 712 distinguit
1278 658 1457 698 Aristot.
1486 658 1592 699 Ilist.
1625 659 1749 699 anim.

281 734 328 776 V.
351 733 425 787 30,
466 735 652 777 achetas
683 742 725 776 et
755 735 999 790 tettigonia‚
1060 736 1211 791 ltaque
1245 751 1374 791 quum
1405 738 1630 792 tettigonia
1665 752 1749 779 non

277 816 363 855 sint
406 816 586 869 species
633 816 850 869 quaedam
894 815 1149 857 achetaruin
1198 815 1278 857 sed
1325 829 1467 870 genus
1509 815 1750 869 singulare,

277 892 422 933 deleta
451 894 782 947 praepositione
813 906 869 933 ex
900 899 1052 947 utpote
1081 906 1106 934 e
1130 891 1300 947 syllaba
1322 893 1520 946 proxima
1552 907 1595 933 es
1626 893 1750 934 ‹litto-

274 972 459 1027 graphia
493 980 587 1014 orta
619 973 899 1015 scribendum
933 979 1027 1014 est:

854 1051 1062 1093 minores
1089 1049 1168 1091 lais.

166 1185 247 1225 ‘205
843 1177 907 1226 95
925 1197 976 1220 =
993 1177 1074 1238 27,
1095 1176 1174 1224 32.

341 1277 553 1325 Cicadae
583 1293 679 1326 non
707 1284 974 1325 nascuntur
1003 1277 1051 1325 in
1088 1276 1285 1325 raritate
1316 1278 1541 1325 arborum
1578 1307 1640 1313 —
1675 1278 1742 1326 id<

337 1367 468 1415 circo
510 1383 603 1414 non
642 1373 754 1414 sunt
792 1366 1002 1431 Cyrenis
1041 1366 1171 1414 circa
1208 1366 1438 1431 oppidum
1469 1397 1535 1407 -—-
1575 1385 1665 1417 nec
1695 1368 1743 1416 iu

337 1457 518 1521 campis
557 1473 649 1506 nec
686 1457 733 1504 in
768 1457 954 1522 frigidis
988 1464 1069 1505 aut
1101 1457 1341 1505 umbrosis
1378 1459 1672 1507 nemoribus.

377 1569 644 1612 Aristoteles
675 1584 806 1625 quum
836 1569 890 1612 V.
918 1568 984 1611 30.
1019 1569 1184 1610 diserte
1216 1570 1337 1610 circa
1367 1571 1575 1624 oppidum
1606 1571 1741 1627 Cyre-

266 1662 347 1690 nas
379 1663 481 1691 esse
514 1650 695 1691 cicadas
727 1648 970 1700 tradiderit,
1000 1655 1125 1690 recte
1158 1648 1385 1689 Barbarus
1416 1649 1601 1690 alterum
1637 1664 1739 1698 non,

265 1728 381 1782 quod
420 1741 444 1769 e
485 1742 620 1770 versu
659 1729 893 1782 superiore
927 1728 1057 1770 facile
1099 1728 1191 1769 lieri
1242 1729 1379 1783 potuit
1428 1736 1473 1770 ut
1513 1737 1739 1784 repetere-

265 1816 349 1858 tur,
382 1808 605 1861 expunxit.
665 1808 858 1863 Silligius
889 1807 1067 1849 Plinium
1099 1808 1266 1850 erroris
1296 1807 1548 1849 insimulare
1579 1808 1738 1850 maluit.

263 1886 429 1927 Omnes
450 1895 594 1927 autem
613 1886 756 1927 adhuc
776 1885 889 1927 male
911 1887 1047 1927 verba
1066 1885 1357 1926 distinxerunt
1383 1892 1425 1926 ct
1451 1886 1736 1939 parenthesin

261 1965 375 2006 iusto
420 1964 721 2017 angustiorem
768 1963 1066 2005 reddiderunt.
1149 1963 1259 2003 Nam
1304 1965 1441 2004 verba
1485 1963 1736 2018 philosophi

261 2042 325 2084 διὸ
356 2041 429 2084 καὶ
460 2043 504 2084 ἐν
520 2041 686 2097 Κυρήνῃ
714 2040 764 2083 οὐ
784 2039 974 2096 γίνονται
1005 2039 1049 2081 ἐν
1078 2040 1134 2093 7ιῇ
1162 2039 1298 2093 πεδίῳ,
1329 2039 1413 2094 περ)
1440 2039 1483 2083 δὲ
1514 2040 1586 2093 τὴν
1617 2042 1735 2084 πόλιν

261 2119 405 2162 πολλοί
438 2120 495 2159 ita
527 2118 805 2160 transtulisse
836 2119 1007 2158 videtur
1037 2116 1223 2158 Plinius:

318 2222 368 2227 ——
399 2197 560 2238 idcirco
587 2202 689 2237 sunt
722 2194 904 2250 Cyrenis
933 2194 1048 2234 cfrca
1079 2193 1279 2250 oppidum
1305 2209 1383 2235 uec
1415 2195 1461 2235 in
1489 2196 1649 2251 campis
1680 2221 1727 2227 —-

153 2316 234 2357 ‘206
805 2305 902 2353 174
938 2326 988 2348 =
1007 2306 1087 2367 37,
1109 2306 1188 2353 66.

326 2409 576 2456 Metellum
608 2407 888 2472 pontificem
926 2407 1048 2455 adeo
1089 2407 1427 2471 inexplanatae
1466 2407 1727 2472 (linguae)

324 2498 474 2546 fuisse
515 2499 781 2563 accipimus
831 2505 881 2546 ut
925 2497 1086 2546 multis
1133 2498 1378 2546 mensibus
1424 2505 1580 2546 tortus
1623 2515 1726 2546 cre—

323 2589 489 2650 datur,
533 2589 646 2637 dum
696 2589 955 2637 meditatur
1001 2588 1047 2636 in
1090 2589 1360 2637 dedicanda
1409 2587 1531 2634 aede
1578 2588 1723 2652 Opi-

321 2680 490 2727 serae
527 2679 709 2728 dicere.

362 2778 602 2820 Verissime
631 2779 791 2820 iudicat
822 2777 1072 2819 Harduinus
1102 2790 1232 2831 quum
1250 2775 1477 2830 Opiferam
1506 2788 1590 2817 non
1620 2790 1717 2819 cer·
