1914 3237
729 176 863 217 Liber
894 175 944 217 V.
1523 171 1579 212 67

698 296 984 353 LIBER'V.

710 410 975 481 l2=l‚1.
1605 422 1659 462 90

169 512 273 559 Nec
302 511 743 564 solumconsulatu
767 508 1039 575 perfunctis
1063 515 1217 573 :atque
1243 526 1270 562 e
1291 520 1461 560 senatu
1493 514 1580 562 du-

170 601 323 662 cibus,
361 602 442 666 qui
479 609 581 650 tum
611 619 694 650 res
724 617 944 665 gessere,
981 599 1070 648 sed
1102 600 1346 665 equitibus
1383 619 1579 667 quoque

169 690 418 753 Romanis,
452 692 535 756 qui
571 709 636 740 ex
667 709 726 741 eo
750 692 1012 757 praefuere
1035 691 1118 752 ibi,
1155 691 1400 739 Atlantem
1432 710 1579 756 pene-

3 786 5 822 l
166 789 322 829 trasse
356 782 404 830 in
440 783 596 848 gloria
631 783 738 831 fuit.
804 782 1086 847 Quinque
1117 788 1284 842 sunt,
1323 789 1385 829 ut
1421 784 1579 832 dixi·-

166 889 316 933 mus,
362 873 666 921 Romanae
707 863 1090 943 col-'oniaelin
1126 888 1194 920 ea
1228 869 1578 937 provincia,

168 962 488 1027 perviumque
528 963 685 1011 famae
721 951 878 1012 videri
908 970 1097 1028 potest3
1142 962 1244 1033 sed>
1275 961 1326 1012 id
1366 965 1579 1028 plerum-

165 1070 261 1116 que
296 1054 658 1102 fallacissimum
700 1054 1040 1118 experimento
1074 1053 1461 1118 deprehenditur
1495 1062 1576 1104 rel.

211 1164 409 1219 Longam
445 1165 500 1206 de
527 1164 706 1206 Atlante
747 1166 1067 1219 digressionem
1098 1165 1237 1206 verba
1276 1167 1466 1228 quinque
1500 1168 1577 1212 rel.

98 1257 286 1298 prorsus
317 1244 372 1284 ab
404 1257 461 1285 ea
496 1243 641 1285 aliena
669 1243 854 1286 moleste
886 1245 1226 1298 interrumpunt.
1303 1245 1443 1302 Loqui
1476 1261 1578 1289 coe-

101 1331 229 1376 perat
263 1320 423 1363 Plinius
456 1323 510 1364 de
552 1323 755 1374 ducibus²
794 1323 865 1378 qui
900 1330 1092 1365 montem
1121 1324 1404 1365 inaccessum
1446 1333 1578 1367 antea

98 1402 223 1455 primi
261 1403 497 1453 adiissent,
557 1402 687 1443 rediit
730 1402 890 1443 deinde
934 1402 992 1443 ad
1030 1391 1295 1456 exponenda
1336 1417 1418 1454 ea,
1463 1419 1578 1460 quae

97 1481 226 1521 iidem
258 1495 365 1522 vera
398 1480 513 1522 falsa
544 1481 598 1522 de
630 1481 860 1538 itineribus
886 1481 979 1524 suis
1012 1488 1327 1522 narraverant:
1360 1496 1461 1523 num
1486 1498 1575 1525 me-

98 1560 169 1600 dio
199 1561 312 1601 inter
341 1568 570 1615 utramque
608 1561 946 1614 disputationem
978 1559 1080 1602 loco
1111 1560 1165 1600 de
1199 1559 1385 1602 coloniis
1417 1576 1502 1603 non
1535 1565 1575 1605 in

98 1637 275 1679 Atlante
306 1638 386 1678 sed
413 1639 456 1679 in
476 1639 683 1680 universa
708 1639 935 1693 provincia
953 1639 1187 1693 Tingitana
1218 1639 1408 1681 conditis
1440 1643 1576 1683 verba

0 1746 2 1775 1
99 1717 263 1758 fecisse
295 1718 514 1771 putandus
550 1716 652 1758 est?
721 1718 912 1759 Accedit
944 1718 1062 1773 quod
1098 1730 1242 1772 neque
1278 1732 1329 1757 ea
1353 1720 1576 1773 provincia

0 1779 2 1858 l
97 1795 331 1851 quidquam
365 1795 497 1835 habet
529 1808 616 1850 quo
638 1795 878 1845 referatur,
910 1809 1053 1850 neque
1075 1797 1340 1837 adiectivum
1357 1800 1574 1852 pervium·

0 1862 1 1927 l
96 1889 181 1935 que
218 1883 261 1914 et
299 1875 436 1915 verba
480 1887 595 1929 quae
637 1881 890 1929 sequuntur.
955 1874 1107 1930 ltaque
1137 1875 1384 1917 rectissime
1416 1877 1575 1919 Pintia-

0 1940 1 1984 ἶ
98 1967 180 1993 nus
213 1952 386 1993 aliunde
417 1952 531 1994 male
563 1952 835 1994 hucinserta
850 1950 990 1994 fuisSe
1022 1954 1279 2008 suspicatus
1311 1962 1380 1996 est
1409 1955 1574 1998 locum—

97 2046 182 2087 que
212 2046 302 2087 quo
340 2033 395 2073 ab
431 2033 530 2086 ipso
567 2032 786 2085 scriptore
825 2040 950 2073 erant
988 2031 1162 2086 prolata
1197 2033 1313 2074 idem
1351 2037 1575 2089 sagaciter

95 2111 329 2164 indagavit.
390 2112 522 2158 Quod
548 2111 659 2153 enim
691 2110 806 2152 infra
834 2110 873 2167 ᾗ.
893 2110 959 2154 ⁶29.
989 2118 1174 2165 peracta
1204 2111 1477 2168 Zeugitanae
1506 2130 1573 2156 re-

96 2191 237 2245 gionis
270 2190 568 2244 descriptione
602 2190 779 2231 additur
807 2204 1016 2231 numerus
1048 2190 1320 2232 coloniarum
1351 2192 1573 2236 Romana-

97 2285 188 2311 rum
221 2271 278 2311 ibi
310 2271 512 2320 sitarum,
550 2269 663 2310 idem
701 2270 742 2310 in
779 2269 1011 2323 Tingitana
1039 2268 1213 2325 quoque
1252 2271 1410 2325 procul
1442 2273 1575 2316 dubio

100 2349 262 2389 factum
305 2359 387 2390 est.
452 2347 787 2390 Transferenda
825 2356 925 2390 sunt
965 2349 1096 2404 igitur
1137 2350 1277 2390 verba
1320 2351 1375 2392 de
1416 2353 1573 2407 quibus

98 2428 267 2480 agimus·
290 2428 331 2467 in
362 2426 398 2482 ξ.
417 2428 480 2470 17.
513 2429 658 2483 ibique
688 2428 755 2469 sic
786 2428 1052 2469 ordinanda:

159 2506 416 2563 Tingitanae
444 2507 693 2561 provinciae
721 2506 942 2564 longitudo
963 2505 1137 2547 CLXX
1151 2507 1216 2547 M.
1234 2522 1273 2563 p.
1297 2514 1374 2551 est.
1410 2508 1573 2565 Quin-

151 2599 246 2646 que
273 2590 412 2633 sunt,
445 2590 502 2624 ut
526 2585 756 2625 diximus
779 2585 1023 2642 (§.28qq.),
1044 2587 1308 2638 Romanae
1339 2587 1573 2629 coloniae

150 2664 204 2702 in
235 2678 294 2703 ea
323 2664 611 2718 provincia.
672 2659 834 2704 Gentes
862 2664 908 2704 in
937 2679 990 2705 ea
1015 2665 1094 2707 rel.

207 2742 352 2797 Atque
394 2742 510 2798 quod
542 2742 641 2783 cod.
675 2742 716 2783 A
750 2750 905 2784 nostro
942 2743 1041 2786 loco
1082 2751 1217 2786 totum
1252 2758 1428 2787 versum
1471 2760 1496 2787 a
1528 2763 1567 2789 v.

100 2816 244 2871 famae
263 2835 404 2876 usque
423 2823 477 2862 ad
501 2821 754 2883 plerumque
769 2823 950 2875 omittit,
980 2823 1157 2865 multum
1179 2824 1298 2865 valet
1328 2826 1383 2865 aa
1405 2827 1571 2867 codicis

1230 2913 1290 2950 ξ’)ἠί
