1914 3237
798 230 1031 288 Praefatio.
1629 236 1658 276 5

872 356 950 404 30.

282 445 351 488 De
379 445 752 487 obtrectatoribus
784 445 878 487 sive
903 445 1273 499 vitilitigatoribus
1304 446 1480 489 locutus
1510 448 1622 491 Cato

239 523 479 585 „Eorum‚
513 529 593 581 ait,
626 541 716 589 ego
754 524 1000 572 orationes
1038 524 1158 573 sibi
1192 532 1505 590 praetereo.“

279 623 422 665 Recte
445 624 557 665 enim
584 623 778 678 Silligius
798 631 952 679 spreta
977 625 1316 680 interpolatione
1341 625 1523 681 vulgata
1552 628 1646 667 sino

162 701 474 761 praeterfluere
505 702 561 742 ad
593 703 794 744 codicum
823 701 1054 745 lectionem
1085 705 1232 755 rediit,
1262 718 1391 760 quam
1420 705 1485 745 sic
1515 705 1646 746 inter·

165 787 389 835 pretatur:
421 793 604 834 „eorum
625 794 708 835 ego
728 782 956 824 orationes
980 783 1102 824 sicco
1133 784 1248 838 pede
1280 789 1516 838 praetereo
1549 796 1645 824 eas-

164 874 249 915 que
278 874 368 902 non
399 873 506 900 curo
535 861 730 914 ipsorum
759 860 801 901 in
832 859 1031 911 lucrum,
1065 863 1189 917 quia,
1220 863 1257 903 si
1289 873 1508 911 curarem,
1537 874 1644 915 pes-

164 938 272 981 sime
305 952 331 980 a
361 952 429 980 me
456 938 689 982 habendae
719 940 915 983 essent“.
979 939 1038 980 At
1068 954 1176 982 vero
1208 948 1251 982 et
1279 941 1512 983 durissima
1541 940 1642 983 talis

163 1023 286 1058 esset
322 1023 549 1059 structura
590 1026 633 1059 et
665 1019 927 1060 sententiam
969 1018 1170 1060 efficeret
1206 1032 1233 1059 a
1264 1018 1445 1060 Catonis
1476 1026 1640 1072 mente,

160 1095 199 1136 si
227 1095 328 1150 quid
359 1095 504 1147 video,
536 1095 738 1139 alienam.
795 1097 953 1152 Neque
979 1098 1092 1138 enim
1122 1111 1275 1139 eorum
1308 1099 1538 1139 commoda
1570 1112 1640 1140 cu-

158 1186 288 1215 rasse
326 1175 548 1228 putandus
586 1182 675 1225 est,
722 1189 835 1230 quos
883 1176 1014 1217 modo
1062 1190 1198 1218 verae
1246 1176 1389 1217 laudis
1429 1183 1638 1230 expertes

158 1253 484 1305 nominaverat,
517 1253 598 1295 sed
628 1253 710 1294 sibi
741 1254 887 1308 potius
919 1267 945 1295 a
976 1256 1132 1309 quovis
1163 1269 1261 1297 cum
1292 1254 1528 1296 levissimis
1558 1255 1637 1297 ho-

158 1334 345 1374 minibus
389 1333 655 1375 commercio
698 1332 1004 1374 abstinendum
1042 1347 1145 1376 esse
1184 1332 1445 1377 declaravit.
1506 1334 1636 1382 Quod

155 1412 286 1467 igitur
304 1412 461 1454 Cicero
479 1412 537 1454 ita
555 1411 650 1453 fere
675 1395 1000 1466 expressisset:
1032 1426 1214 1463 „eorum
1233 1413 1460 1453 orationes
1486 1413 1634 1455 sciens

155 1490 224 1533 vel
253 1491 449 1546 prudens
482 1496 759 1546 praetereo“
789 1491 831 1531 id
864 1491 1015 1545 prisco
1048 1491 1186 1532 verbo
1222 1489 1331 1532 Cato
1362 1491 1537 1533 videtur
1568 1491 1633 1533 di-

152 1571 297 1612 xisse:

208 1663 356 1690 eorum
385 1663 457 1705 eqo
488 1633 704 1688 orationes
732 1646 842 1687 sibe
870 1652 1110 1703 praetereo.

151 1738 313 1780 Sibus
345 1738 473 1788 enim,
504 1746 550 1779 ut
581 1738 641 1778 ait
671 1737 835 1779 Paulus
865 1752 899 1779 s.
931 1752 993 1789 v.‚
1040 1743 1108 1777 est
1138 1734 1323 1777 callidus
1352 1735 1425 1777 vel
1455 1743 1628 1778 acutus.

848 1860 926 1908 32.

214 1952 351 2017 Ergo
382 1951 547 2001 securi
579 1951 723 2000 etiam
757 1959 926 2000 contra
953 1951 1325 2017 vitilitigatores,
1359 1967 1480 2015 quos
1502 1951 1624 1999 Cato

214 2045 466 2108 eleganter
488 2060 552 2092 ex
572 2043 700 2092 vitiis
726 2050 775 2091 et
797 2042 1119 2107 litigatoribus
1143 2043 1416 2108 composuit
1449 2042 1623 2110 [quid

214 2135 368 2183 enim
413 2134 510 2183 illi
553 2134 722 2183 aliud
777 2151 945 2199 quam
1001 2133 1259 2198 litigant
1303 2142 1404 2182 aut
1448 2135 1622 2183 litem

211 2225 586 2293 quaerunt‘3]
627 2241 958 2289 exsequemur
990 2225 1179 2289 reliqua
1212 2226 1470 2289 propositi.

255 2325 407 2368 Verba
436 2327 478 2368 in
517 2327 775 2382 parenthesi
806 2326 953 2380 posita
989 2326 1121 2367 valde
1157 2325 1403 2380 displicent.
1464 2327 1619 2381 Neque

143 2406 256 2449 enim
288 2407 536 2461 quicunque
565 2406 736 2461 litigant
772 2404 1123 2458 reprehensione
1161 2405 1279 2460 digni
1313 2411 1435 2458 sunt,
1479 2405 1561 2446 sed
1591 2405 1618 2445 ii

139 2491 306 2527 tantum
332 2485 405 2541 qui
434 2486 620 2528 vitiosae
651 2485 919 2540 petulantiae
946 2484 1158 2538 serviunt,
1184 2498 1328 2539 neque
1352 2483 1616 2526 vocabulum

138 2564 451 2622 vitilitiqatores
481 2566 563 2606 sed
579 2564 909 2606 usitatissimum
935 2562 1168 2622 litiqatores
1189 2563 1451 2618 explicatur.
1485 2563 1615 2611 Quod

138 2657 249 2686 sane
277 2644 451 2685 minime
482 2645 731 2698 oportebat.
790 2643 977 2685 Accedit
1006 2644 1122 2698 quod
1153 2644 1194 2684 in
1212 2643 1438 2698 plerisque
1468 2650 1511 2684 et
1539 2656 1613 2683 an-

135 2723 392 2778 tiquissimis
424 2724 650 2766 codicibus
683 2737 769 2765 non
788 2722 854 2763 illi
868 2722 950 2764 sed
970 2721 1080 2763 illud
1108 2723 1333 2764 scribitur.
1384 2722 1473 2763 Iam
1502 2736 1610 2762 vero

137 2801 244 2843 nihil
286 2801 562 2858 frequentius
604 2802 772 2845 factum
810 2809 900 2856 est,
946 2814 1075 2856 quam
1116 2807 1162 2841 ut
1204 2801 1437 2855 glossulis,
1483 2816 1611 2857 quae,

138 2894 268 2935 quum
298 2881 341 2922 in
371 2882 617 2939 archetypo
650 2883 745 2925 sive
781 2882 838 2924 ad
871 2881 1112 2937 marginem
1149 2881 1244 2923 sive
1284 2894 1421 2936 supra
1451 2880 1609 2922 lineam

1676 370 1701 409 2

1650 1876 1679 1917 3
