1914 3237
723 148 855 192 liber
880 149 913 191 1
919 148 975 191 V.
1533 145 1589 186 (35

109 276 294 319 Asturia
324 275 532 331 oppidum
564 273 686 329 Γίγια
721 283 1035 314 commemorat
1066 271 1348 314 Ptolemaeus
1377 270 1424 312 11.
1451 270 1490 312 6.
1521 269 1587 311 29.

111 354 178 396 De
207 354 276 396 his
306 354 436 411 igitur
460 366 549 394 non
581 358 650 393 est
682 350 989 392 dubitandum:
1020 364 1100 393 cur
1118 358 1262 392 autem
1285 351 1493 406 oppidum
1518 362 1587 391 sa·

111 433 167 474 tis
210 434 462 480 obscurum,
500 430 624 472 cuius
663 438 844 484 praeter
882 429 1112 470 Itineraria
1151 442 1280 470 nemo
1324 429 1588 470 mentionem

110 510 231 560 fecit,
261 509 402 550 solum
430 510 542 550 inter
574 521 731 549 omnes
752 507 995 563 Hispaniae
1024 508 1158 549 urbes
1188 508 1361 561 insigne
1391 506 1588 561 appella-

110 595 251 638 retur,
293 586 413 628 nulla
448 587 654 643 profecto
691 600 829 628 causa
871 586 964 629 fuit.
1031 586 1186 640 Neque
1222 584 1308 625 alia
1346 584 1441 625 sive
1481 586 1590 626 urbs

108 666 205 706 sive
240 665 383 707 insula
421 667 465 707 in
508 679 564 707 ea
602 665 762 707 vicinia
789 666 876 708 sita
910 664 1005 706 fuit.
1062 664 1215 720 Itaque
1248 661 1404 704 deletis
1435 661 1590 705 litteris

109 758 223 800 quae
250 743 353 786 nihil
387 745 560 786 omnino
592 743 841 799 significant
869 744 1040 787 scribo:
1378 732 1379 735 Ἴ

388 823 573 864 Insulae
602 821 746 874 Cicae,
775 821 975 878 oppidum
994 820 1209 862 Abobrica
1235 819 1312 861 rel.

667 924 762 973 117
785 947 831 966 2
854 924 934 985 22,
959 925 1036 973 35.
1613 938 1670 979 ss

177 1026 416 1075 Coloniae
451 1026 675 1090 Augusta
713 1024 938 1074 Emerita
981 1026 1118 1074 Anae
1157 1022 1307 1072 fluvio
1350 1022 1588 1087 adposita,

179 1114 550 1165 Metallinensis
584 1120 664 1161 rel.

225 1217 289 1258 Ita
317 1229 427 1258 sane
458 1216 499 1258 in
530 1217 731 1271 omnibus
752 1215 981 1268 codicibus
1012 1216 1225 1270 scriptum
1255 1219 1402 1255 exstat
1431 1226 1588 1254 nomen

110 1295 262 1350 oppidi
295 1295 351 1335 ad
381 1295 524 1336 Anam
553 1297 595 1337 in
625 1295 804 1350 planitie
836 1294 922 1346 siti,
954 1295 1071 1350 quod
1104 1307 1236 1349 quum
1266 1291 1532 1348 aliquantum
1565 1306 1591 1334 a

111 1373 296 1415 metallis
333 1374 554 1415 montanis
594 1375 750 1424 distet,
792 1374 848 1415 ab
888 1373 942 1414 iis
980 1372 1247 1428 appellatum
1279 1385 1382 1413 esse
1423 1374 1589 1429 nequit.

110 1453 268 1508 Neque
297 1453 560 1494 vocabulum
592 1461 714 1495 recte
745 1453 979 1495 formatum
1021 1460 1111 1493 est:
1155 1465 1254 1492 nam
1289 1438 1458 1509 etiam-si
1488 1467 1591 1504 non,

112 1532 226 1574 sicut
256 1532 486 1573 Sardiniae
521 1533 752 1587 oppidum,
784 1531 966 1573 Metalla
1000 1531 1255 1581 dicebatur9
1286 1532 1591 1574 terminatione

100 1609 258 1652 >tamen
291 1611 437 1666 aliqua
479 1612 798 1665 designandum
837 1617 960 1660 erat,
1000 1621 1113 1664 quae
1153 1622 1239 1648 non
1270 1609 1326 1650 ad
1357 1610 1591 1652 humanam

112 1703 194 1730 seu
220 1689 405 1730 ferinam
438 1690 692 1743 prosapiem
721 1689 980 1731 necessario
1012 1688 1265 1742 pertineret.
1323 1688 1385 1728 Ita
1409 1688 1592 1730 Metalli·

114 1781 214 1809 cum
244 1767 422 1818 ferrem,
454 1767 722 1810 Metallinum
753 1770 826 1810 vix
855 1767 1084 1809 ferendum
1103 1780 1206 1807 esse
1225 1767 1442 1809 existimo.
1474 1767 1592 1809 Idem

111 1860 221 1887 vero
251 1847 460 1900 oppidum
490 1849 529 1887 in
565 1848 794 1889 itinerario
813 1844 1193 1900 Antoninip.416.
1223 1844 1492 1886 Metellinum
1521 1860 1594 1887 vo·

114 1932 242 1966 catur
272 1925 395 1979 (item
427 1926 544 1979 apud
577 1926 740 1981 Geogr.
770 1926 970 1969 Ravenn‚
1000 1924 1162 1968 lV.44.
1193 1923 1350 1966 leviter
1381 1932 1592 1980 corrupto

112 2003 288 2044 nomine
326 2003 552 2063 Metilion)
589 2005 720 2060 idque
758 2005 1020 2046 rectissime.
1089 2002 1328 2045 Caecilium
1357 2004 1470 2045 enim
1500 2004 1594 2047 Me-

112 2081 260 2123 tellum
296 2082 415 2122 Pium
449 2090 608 2125 contra
638 2083 883 2125 Sertorium
916 2089 960 2123 et
990 2083 1269 2138 Perpennam
1304 2083 1348 2124 in
1378 2083 1595 2139 Hispania

113 2159 273 2202 bellum
305 2161 550 2202 diuturnum
581 2162 782 2218 gessisse
811 2168 1004 2211 constat,
1035 2174 1121 2215 quo
1150 2159 1270 2200 finito
1301 2161 1475 2204 colonia
1506 2162 1594 2206 sor-

115 2223 236 2281 tasse
256 2240 310 2281 ab
333 2240 441 2294 ipsis
475 2235 686 2283 militibus>
711 2241 889 2281 condita
919 2246 963 2280 et
993 2239 1048 2280 ab
1078 2239 1171 2280 eius
1199 2241 1375 2281 nomine
1400 2229 1596 2296 apellata

115 2325 197 2368 est,
229 2333 314 2374 quo
345 2320 475 2360 modo
505 2320 722 2376 pleraque
753 2319 994 2373 Hispaniae
1024 2319 1188 2373 oppida
1218 2325 1262 2360 et
1292 2327 1521 2364 exstructa
1552 2330 1596 2365 et

115 2399 339 2438 nominata
369 2405 484 2441 sunt.
541 2398 834 2440 Scribendum
853 2404 936 2459 *est
964 2397 1095 2451 igitur
1124 2384 1263 2439 Met'e
1275 2397 1482 2443 lunensis.

675 2500 774 2549 120
792 2521 844 2544 =
860 2499 940 2561 22,
957 2501 1038 2548 36.
1618 2486 1673 2528 89

180 2599 392 2664 Erythia
417 2601 546 2649 dicta
573 2608 665 2662 est,
703 2602 928 2666 quoniam
945 2601 1091 2666 Tyrii
1123 2601 1398 2666 aborigines
1423 2621 1591 2655 eorum

185 2691 279 2740 orti
317 2693 374 2740 ab
407 2690 629 2756 Erythro
663 2692 784 2740 mari
819 2693 1118 2740 ferebantur.
1171 2692 1230 2741 In
1265 2693 1358 2742 hac
1396 2695 1593 2762 Geryo-

186 2775 273 2830 nes
304 2781 549 2830 habitasse
578 2799 605 2829 a
626 2781 912 2847 quibusdam
946 2781 1329 2832 existimatur...
1364 2785 1491 2835 Sunt
1512 2788 1592 2851 qui

1288 2883 1315 2924 5
