1914 3237
142 1573 224 1615 239

260 149 338 191 184
853 153 983 195 Liber
1015 156 1091 196 XI
1093 157 1143 199 V.

325 289 446 332 rum,
473 274 715 337 quomodo
742 275 926 325 Graeci
956 279 1256 340 factitavere,
1296 278 1439 327 tertia
1459 289 1599 344 parte
1621 281 1727 329 eius

322 362 451 424 quod
489 380 777 428 expressum
813 366 876 414 sit
906 368 1069 416 addita
1105 385 1258 433 aquae
1295 375 1375 416 rel.

367 474 526 517 Loram
558 477 616 518 ita
654 478 745 520 fieri
779 482 992 535 praecipit
1023 481 1267 525 Columella
1296 483 1486 533 X11.40‚
1527 491 1572 524 ut
1612 496 1726 538 aqua

255 551 393 596 dulcis
424 555 619 598 vinaceis
650 557 904 600 infundatur
935 561 1106 603 decima
1140 570 1264 616 parte
1295 563 1381 604 vini
1412 563 1528 618 quod
1549 577 1631 604 uno
1656 563 1725 604 die

253 631 416 674 factum
449 635 520 683 sit,
554 644 684 690 atque
716 638 826 678 idem
861 639 1146 682 Dioscorides
1179 642 1309 682 tradit
1334 642 1386 684 V.
1410 641 1477 684 13.
1520 641 1725 695 Apparet

252 711 409 765 igitur,
451 714 563 754 sicut
601 716 642 756 in
681 716 822 758 altero
852 731 1018 771 genere
1054 722 1226 761 tertiam
1264 729 1434 775 partem
1471 722 1565 762 eius
1595 723 1724 763 musti

252 791 370 844 quod
404 804 666 844 expressum
701 793 771 844 sit,
804 796 906 836 addi
937 796 1056 837 iubet
1094 797 1280 848 Plinius,
1313 799 1371 838 ita
1403 801 1444 839 in
1481 800 1618 853 primo
1649 813 1723 853 ge-

252 881 360 909 nere
399 870 561 910 deesse
592 873 871 921 vocabulum„
914 889 999 929 quo
1039 890 1245 917 mensura
1288 890 1430 933 aquae
1468 891 1564 918 cuni
1597 879 1724 920 musti

251 947 456 1000 portione
480 959 778 1002 comparetur.
833 953 879 992 ld
897 960 1042 994 autem
1063 954 1292 997 manifesto
1310 954 1387 997 fuit
1415 969 1558 1017 quam,
1590 956 1723 1010 quod,

252 1038 381 1079 quum
420 1025 460 1066 in
492 1026 736 1082 archetypo
770 1044 837 1072 vv,
871 1023 953 1080 qv]
982 1047 1086 1081 ovar:
1126 1033 1387 1073 coniunctim
1419 1033 1616 1086 scriptae
1648 1048 1723 1073 ex—

250 1108 436 1154 starent,
468 1103 673 1146 facillime
705 1108 796 1148 fieri
829 1110 967 1162 potuit
996 1117 1043 1151 ut
1070 1123 1095 1150 a
1115 1111 1317 1164 proximo
1346 1108 1523 1151 librario
1554 1111 1723 1151 omitte·

250 1188 384 1223 retur.
460 1181 624 1224 Eodem
669 1186 798 1225 niodo
844 1187 885 1227 in
927 1188 1145 1229 mensuris
1177 1188 1426 1229 indicandis
1467 1189 1722 1230 adverbium

248 1266 443 1317 „quam“
476 1272 715 1318 usurpatur
745 1279 768 1306 a
799 1267 923 1309 Livio
957 1267 1047 1308 Vll.
1063 1267 1104 1318 S,
1137 1266 1357 1316 XLV.1S‚
1388 1266 1722 1311 Columell.1.s‚

251 1347 294 1381 ct
324 1339 432 1383 aliis.
493 1342 782 1384 Scribenduui
817 1353 884 1386 est
914 1345 1062 1400 igitur:

738 1433 889 1474 addita
919 1450 1068 1495 quam
1093 1450 1216 1496 qnae.

801 1546 896 1593 103
919 1570 963 1588 =
988 1547 1066 1607 16,
1091 1547 1170 1594 19.

315 1645 494 1693 Vinum
533 1645 586 1692 fit
623 1652 672 1693 et
707 1662 734 1693 e
771 1644 945 1709 siliqua
983 1647 1204 1711 Syriaca,
1244 1664 1270 1694 e
1308 1646 1427 1711 piris
1465 1648 1718 1695 malorum*

311 1752 406 1799 que
448 1735 669 1783 omnibus
717 1737 1003 1800 generibus,
1055 1739 1164 1786 sed
1211 1755 1237 1785 e
1281 1738 1482 1787 Punicis
1527 1739 1718 1787 rhoiten

316 1835 507 1887 vocant,
553 1835 601 1874 et
637 1846 664 1876 e
702 1830 862 1877 cornis
899 1835 978 1876 rel.

361 1926 503 1982 Vulgo
533 1925 764 1982 legebatur
793 1943 816 1968 e
846 1929 1024 1969 Punicis
1052 1928 1166 1989 qnod
1195 1928 1362 1969 rhoiten
1393 1937 1567 1971 vocant.
1619 1929 1720 1969 Pro-

244 2018 403 2047 nomen
443 2019 542 2047 cum
585 2006 760 2060 optimis
807 2006 927 2047 libris
968 2014 1089 2047 recte
1129 2007 1271 2047 omisit
1312 2007 1525 2060 Sinigius3
1570 2021 1720 2048 verum

245 2093 333 2126 tum
365 2084 716 2137 interpunctione
747 2091 910 2124 mutata
941 2084 1065 2125 verbi
1098 2084 1173 2124 sed
1199 2099 1221 2124 e
1248 2085 1426 2124 Punicis
1456 2091 1611 2125 vocant
1643 2099 1720 2140 pa-

244 2161 439 2203 renthesi
470 2162 733 2203 includenda
765 2169 908 2205 erunt.
970 2161 1128 2202 Melius
1163 2162 1356 2202 fortasse
1389 2163 1613 2204 scribitur:

300 2256 333 2284 e.
343 2256 383 2297 p.
397 2257 448 2283 m.
465 2256 499 2283 0.
526 2240 768 2298 9e11e²·ibus,
800 2247 848 2281 et
878 2256 900 2281 e
917 2241 1116 2282 Punicis-
1131 2240 1298 2281 rhoiten
1318 2247 1474 2281 vocant
1491 2265 1541 2271 —-
1571 2248 1612 2281 et
1639 2242 1717 2283 rel.

356 2344 401 2385 In
434 2345 635 2398 proximo
669 2343 765 2385 loco
799 2343 834 2400 ἕ.
866 2345 956 2387 104.

311 2463 375 2472 —-
398 2433 526 2498 quod
556 2433 620 2481 ita
651 2433 889 2482 silvestris
916 2435 1060 2499 myrti
1089 2433 1221 2482 bacis
1254 2435 1430 2481 factum
1470 2442 1560 2494 est,
1591 2450 1717 2497 myr-

310 2522 525 2571 tidanum
563 2533 790 2582 vocatur3
837 2524 927 2571 hoc
960 2541 1126 2571 manus
1164 2524 1419 2588 tinguit.

244 2650 267 2677 e
317 2637 465 2678 verbis
509 2635 787 2676 Dioscoridis
833 2635 863 2678 l.
914 2635 1002 2676 156.
1067 2633 1109 2677 τὸ
1155 2634 1197 2677 δὲ
1249 2634 1504 2690 μυρτίδανου
1546 2636 1714 2691 λεγόμε-

241 2734 317 2757 νον
353 2714 544 2768 ἐπι’φυσί.,·
583 2716 696 2756 ἐστιν
735 2714 963 2769 ἀυώλιιαλος
1007 2713 1079 2756 καὶ
1118 2715 1319 2767 ὀχὲτώδης
1361 2712 1433 2755 καὶ
1473 2713 1713 2768 ὁμόχρους·

243 2792 366 2836 οἱονεὶ
396 2797 532 2848 χεΐρὲς
560 2791 646 2847 περὶ
684 2792 727 2835 τὸ
764 2794 832 2845 τῆς
861 2793 1067 2847 μυρσίνης
1099 2792 1280 2847 πρέιιτνοῑ)
1316 2791 1464 2833 ultima
1501 2793 1718 2834 vocabula

243 2871 434 2928 alioquin
458 2870 595 2913 Plinio
615 2885 701 2912 non
727 2871 934 2911 inusitata
961 2869 1036 2922 (cf.
1061 2870 1158 2913 XV.
1176 2870 1253 2923 97)
1283 2870 1354 2912 hic
1384 2878 1594 2925 corrupta
1614 2885 1715 2912 esse

1889 1648 1895 1718 ..„.-
1888 1528 1903 1631 *zu-2—
1891 1414 1893 1421 <
1891 1325 1894 1375 --2
1886 1175 1896 1314 ..ιιι-,ιω
1883 782 1894 915 -ι-νι
