1914 3237
672 113 675 115 *
732 103 855 176 Liber>
881 137 1034 176 XXX]
1044 138 1084 176 V.
1568 135 1648 178 215

182 264 413 307 tradiderat
443 278 537 305 cum
569 265 833 319 grammatici
863 266 1138 306 annotatione
1169 265 1469 306 coalescerent.
1529 266 1647 306 Insu-

182 344 264 384 lam
296 343 406 384 enim
437 342 645 396 Aeginam
677 355 771 382 esse
803 355 980 397 eamque
1014 356 1092 383 sua
1121 347 1262 384 aetate
1300 343 1527 398 ignobilem
1559 357 1649 384 sae-

185 421 276 462 culo
307 425 455 475 quarto
493 420 793 475 grammaticus
837 424 1040 460 annotare
1070 420 1226 473 potuit,
1276 420 1439 461 Plinius
1486 421 1651 462 etiamsi

185 511 267 539 non
298 496 370 539 IV.
402 498 454 540 57
493 498 732 550 retulisset,
778 510 1108 538 commemorare
1153 512 1236 539 non
1283 503 1458 553 poterat.
1532 498 1652 546 Quae

182 575 310 630 igitur
339 579 521 628 restant,
562 576 652 630 ipse
682 576 741 616 ita
773 576 1015 616 enuntiasse
1054 575 1267 630 putandus
1312 581 1396 628 est,
1442 590 1539 617 nam
1580 590 1652 618 aes

185 667 311 708 supra
338 653 650 694 nominaverat:

241 735 433 772 Proxima
465 735 552 771 laus
584 735 813 781 Aeye'netico
839 734 938 782 sim,
978 744 1070 771 non
1102 735 1234 781 quod
1264 735 1317 771 ibi
1347 735 1547 783 siquenm,
1585 736 1657 772 sed

240 811 307 858 off.
340 817 363 849 t.
396 811 613 849 nobilitata.

765 915 825 959 95
863 923 912 943 :-·
949 913 1074 967 920.
1683 917 1764 962 748

250 996 406 1062 palma
441 997 688 1062 Campano
729 996 1010 1063 perhibetur
1034 997 1336 1056 utensilibus,
1374 999 1505 1047 vasis
1543 1014 1654 1063 pro-

249 1086 516 1135 batissimo.

296 1174 505 1215 Utensilia
545 1186 649 1213 vasa
684 1186 767 1212 non
801 1173 881 1213 duo
915 1179 1012 1213 sunt
1056 1187 1212 1227 genera
1244 1174 1318 1214 sed
1356 1175 1554 1215 utensilia
1586 1189 1654 1215 va-

186 1266 328 1294 sorum
359 1266 492 1308 genus
536 1250 611 1299 (cf.
643 1251 855 1301 ,utensilia
898 1254 1107 1291 vasorum‘
1138 1251 1258 1292 XIII.
1290 1253 1392 1304 7⁶2),
1438 1253 1549 1307 quod
1580 1253 1654 1294 Isi-

187 1331 278 1372 dori
325 1331 451 1371 etiam
502 1328 826 1383 interpolatione
876 1329 1165 1379 (‚utensilibus
1213 1335 1254 1370 et
1301 1331 1412 1370 vasis
1465 1333 1656 1371 ommibus-⁶

186 1409 302 1450 XVI.
334 1408 409 1457 79)
444 1407 724 1448 confirmatur.
784 1407 937 1447 Deleta
966 1408 1094 1461 igitur
1122 1421 1230 1462 quae
1262 1422 1315 1448 ne
1346 1410 1387 1448 in
1419 1408 1454 1448 B
1486 1408 1655 1463 quidem

187 1491 328 1527 exstat
357 1484 696 1539 interpunctione
727 1484 933 1525 scribatur
964 1490 1130 1539 oportet
1162 1489 1390 1527 utensilibus
1420 1491 1534 1528 vasis.

254 1565 326 1613 Fit
364 1564 608 1628 Campano
647 1562 801 1611 simile
838 1563 884 1611 in
921 1563 1082 1611 multis
1105 1564 1322 1628 partibus
1343 1564 1507 1614 Italiae
1545 1581 1657 1630 pro-
1687 1569 1767 1613 749

255 1652 540 1715 vinciisque.
613 1649 713 1700 Sed
750 1657 953 1701 octonas
993 1651 1174 1715 plumbi
1211 1651 1358 1701 libras
1395 1653 1581 1702 addunt
1610 1659 1657 1703 et

254 1742 466 1791 carbone
504 1745 778 1804 recoquunt
815 1745 1014 1804 propter
1048 1741 1261 1806 inopiam
1302 1742 1433 1806 ligni.

298 1828 400 1876 Quis
432 1827 632 1869 tandem?
677 1842 828 1882 nempe
862 1827 1121 1882 provinciae⁷
1155 1829 1382 1883 Capuanos
1414 1830 1525 1870 enim
1556 1829 1657 1883 ligni

187 1922 270 1949 non
304 1906 499 1948 carbonis
542 1906 714 1960 ignibus
754 1906 815 1946 uti
855 1920 981 1961 supra
1024 1905 1222 1947 traditum
1253 1914 1364 1961 erat3
1409 1908 1518 1948 Galli
1558 1921 1657 1948 vero

188 1986 316 2027 etiam
347 1984 510 2039 lapides
543 1983 821 2025 candefacere
853 1985 994 2025 statim
1025 1989 1261 2028 narrantur.
1308 1985 1431 2033 Quod
1462 1986 1587 2040 igitur
1616 1985 1658 2025 in

187 2064 222 2104 B
251 2063 452 2117 scriptum
483 2063 637 2117 legitur
667 2067 802 2102 italiae
821 2067 1059 2113 prouinciae
1086 2067 1358 2113 prouinciisq;
1395 2067 1468 2103 sed
1496 2072 1660 2103 octonas

186 2142 285 2183 inde
316 2141 498 2181 Plinium
528 2140 634 2180 haec
664 2140 888 2181 tradidisse
919 2142 1212 2195 consequitur:

254 2244 294 2248 —
329 2221 466 2259 Italiae
488 2223 795 2269 provinciisqm.
857 2222 936 2257 sm!
959 2223 1193 2269 provinciae
1223 2229 1390 2260 oclonas
1420 2220 1493 2260 rel.

726 2332 816 2378 102
855 2349 897 2366 =
935 2329 1131 2378 ibidem.
1690 2347 1770 2390 750

257 2416 479 2480 botryitis
517 2417 784 2476 nominat-ag
825 2417 1148 2481 ponderosior
1186 2418 1308 2467 baec
1347 2418 1536 2483 priore,
1591 2417 1661 2466 le-

258 2505 361 2553 vior
399 2504 653 2553 secuturis.
726 2504 833 2553 Duo
873 2505 976 2554 eius
1017 2506 1237 2556 colores:
1277 2506 1491 2556 deterior
1530 2507 1661 2555 cine-

258 2608 383 2649 reus,
422 2591 660 2656 puniceus
698 2591 881 2650 melior,
937 2593 1135 2643 friabilis
1175 2594 1526 2658 oculorumque
1564 2610 1662 2643 me-

259 2679 548 2729 dicamentis
587 2679 850 2729 utilissima.
922 2681 1080 2731 Tertia
1118 2688 1190 2731 est
1226 2681 1526 2732 inlateribus
1564 2683 1659 2732 sor-

255 2768 556 2828 nacium-3
606 2767 730 2817 haec
768 2768 942 2818 dicitur
979 2769 1196 2835 placitis,
1253 2777 1300 2819 et
1334 2771 1440 2835 ipsa
1488 2771 1547 2819 ab
1586 2786 1660 2819 ar-
