1914 3237
158 476 239 518 274

267 161 321 203 14
860 162 980 201 Liber
1009 162 1127 202 XVI.

266 305 353 332 rum
381 291 408 331 i.
438 303 474 333 e.
504 292 591 331 XV
616 292 837 331 cubitorum
867 289 1136 331 scribendum
1167 293 1232 331 est
1261 292 1304 330 X
1330 292 1563 343 cubitorum
1592 293 1631 342 ᾗ.
1649 290 1729 334 134

268 371 480 409 debeamus
509 368 551 408 in
583 367 858 409 indicativum
887 367 1148 409 mutandum.

826 474 916 520 135
938 494 996 513 =
1017 473 1172 528 32,59.

332 567 535 618 Fastidit
573 567 840 618 balsamum
877 570 991 620 alibi
1027 569 1162 618 nasci
1201 607 1334 619 .....
1346 609 1356 628 ,
1393 569 1600 634 Assyria
1636 583 1733 616 ma-

331 654 408 706 lus
459 656 573 706 alibi
620 657 771 715 ferre,
825 672 918 707 nec
970 672 1067 707 non
1105 661 1153 706 et
1187 656 1347 722 palma
1382 657 1561 721 ubique
1597 655 1734 705 nasci

334 749 416 794 aut
453 749 564 794 nata
604 760 790 810 parere.

386 845 451 885 Ita
482 844 569 885 Sill.
610 858 632 885 e
672 843 792 886 codd.
833 843 1022 895 Gelenii,
1061 843 1254 884 lacunam
1297 841 1440 883 addito
1477 855 1603 883 versu
1641 841 1735 894 ,nisi

269 921 310 961 in
342 921 525 974 Iudaea,
564 926 658 962 tura
696 921 777 961 nisi
814 921 856 961 in
887 920 1061 961 Arabia‘
1093 921 1246 975 explet.
1303 920 1572 961 Harduinum
1617 932 1734 960 secu-

270 1004 336 1040 tus
366 1000 493 1040 Ianus
526 999 677 1052 ,nasci,
716 1003 817 1039 nata
846 999 1036 1053 Assyria‘
1068 998 1253 1053 scripsit,
1285 998 1404 1041 falso.
1459 997 1568 1039 Nam
1599 1010 1735 1052 neque

270 1078 489 1132 participio
532 1077 721 1118 eiusdem
760 1077 877 1118 verbi
915 1076 1031 1117 locus
1073 1081 1140 1117 est
1177 1076 1258 1117 nisi
1288 1090 1381 1117 cum
1412 1077 1465 1117 ad
1495 1076 1606 1116 idem
1637 1075 1734 1116 sub-

268 1156 425 1197 iectum
465 1156 672 1210 perti-net,
730 1159 776 1195 ut
814 1155 855 1195 in
885 1154 1088 1210 proximis
1120 1154 1281 1208 verbis,
1330 1168 1466 1209 neque
1506 1154 1632 1206 ,alibi‘
1662 1167 1735 1208 per

271 1246 315 1273 se
354 1233 537 1288 positum
582 1233 841 1288 intelligitur.
901 1232 992 1287 Ego
1036 1246 1134 1273 vero
1164 1246 1251 1273 non
1281 1246 1451 1287 possum
1481 1245 1566 1272 non
1595 1230 1738 1271 mirari

271 1311 471 1352 librorum
511 1312 747 1353 accuratius
786 1311 1055 1364 collatorum,
1095 1311 1167 1366 qui
1205 1310 1448 1351 facillimam
1479 1308 1736 1350 emendatio-

270 1403 367 1430 nem
398 1403 534 1445 paene
574 1389 806 1445 perfectam
839 1388 1058 1441 exhibent,
1101 1389 1395 1430 auctoritatem
1425 1401 1449 1428 a
1478 1401 1542 1428 vv.
1575 1387 1643 1427 dd.
1677 1392 1736 1427 te—

270 1480 385 1508 mere
416 1472 601 1522 spretam
632 1481 739 1509 esse.
782 1469 820 1510 Θ
851 1467 885 1508 Τ
913 1467 939 1508 d
971 1468 1082 1508 enim
1119 1468 1285 1522 legunt:
1325 1470 1439 1507 nasci
1481 1474 1627 1507 natura
1660 1469 1736 1519 Sy-

271 1551 335 1587 ria
363 1550 510 1597 malus,
558 1559 602 1586 a:
645 1550 759 1587 nasci
800 1553 948 1586 natura
979 1549 1057 1586 nisi
1084 1549 1285 1598 in,Syre'a.
1335 1545 1429 1585 Hoc
1461 1545 1571 1586 enim
1602 1545 1736 1599 ipsum

273 1629 472 1665 constans
490 1624 617 1665 Plinii
648 1627 794 1665 auctor
812 1623 1139 1678 Theophrastus
1158 1623 1232 1664 lX.
1264 1623 1300 1666 6.
1333 1625 1369 1665 1.
1400 1623 1568 1663 disertis
1600 1623 1738 1664 verbis

272 1702 456 1744 tradidit.
498 1703 547 1745 τὸ
589 1702 638 1744 δὲ
675 1702 933 1756 βάλσαμον,
972 1702 1123 1756 inquit,
1165 1705 1332 1754 γίνεται
1368 1702 1448 1755 μὲν
1489 1698 1537 1743 ἐν
1568 1704 1627 1758 τῷ
1657 1699 1739 1742 αὐ-

271 1782 379 1823 λῶνι
407 1785 467 1838 τῷ
498 1784 600 1837 περὶ
629 1783 807 1836 Συρίαν.
839 1780 1138 1836 παραδείσους
1169 1780 1206 1822 δ’
1239 1779 1356 1823 εἷναί
1383 1793 1494 1834 φασι
1525 1779 1622 1821 δύο
1652 1778 1738 1832 μό-

274 1875 423 1910 νουςς
456 1859 646 1900 similiter
669 1858 743 1899 IX.
774 1861 810 1900 1.
829 1859 866 1901 7.
897 1859 946 1900 τὸ
978 1856 1026 1900 ἐν
1048 1862 1187 1915 Συρίᾳ
1217 1858 1457 1911 βάλσαμον.
1489 1857 1598 1897 Nam
1628 1856 1739 1912 quod

273 1938 433 1978 Plinius
451 1936 546 1979 XII.
566 1939 657 1979 111.
691 1937 796 1977 duos
826 1936 920 1977 illos
950 1936 1093 1976 hortos
1124 1940 1190 1976 vm*
1219 1944 1416 1976 cerr-arum
1450 1938 1626 1976 Iudaeae
1641 1948 1738 1976 eon-

274 2015 421 2067 cessit,
460 2015 619 2055 factum
658 2013 827 2069 quidem
866 2020 931 2054 est
969 2018 1064 2068 post
1096 2013 1347 2068 Vespasiani
1378 2014 1633 2068 triumphum
1664 2013 1739 2054 sed

274 2093 394 2133 alteri
423 2093 515 2133 loco
547 2093 718 2132 minime
750 2092 1009 2146 refragatur,
1050 2105 1143 2132 cum
1174 2094 1232 2148 τῷ
1264 2089 1427 2133 ailitem
1458 2090 1739 2145 Theophrasti

274 2184 325 2211 ca
368 2184 465 2225 pars
499 2171 646 2225 Syriae
683 2169 912 2222 indicetur,
958 2183 1083 2224 quam
1111 2169 1273 2209 Plinius
1318 2169 1386 2209 illo
1433 2169 1524 2209 loco
1555 2168 1739 2209 Iudaeae

273 2249 442 2290 nomine
472 2249 674 2290 distinxit.

384 2327 507 2375 Quod
538 2331 679 2368 autem
708 2326 751 2366 in
793 2324 938 2366 codice
969 2339 994 2365 a
1024 2325 1154 2365 semel
1184 2329 1223 2365 in
1256 2328 1378 2378 Syria
1410 2325 1611 2379 scriptum
1661 2330 1738 2377 est,

275 2405 372 2446 inde
403 2405 564 2446 iteratis
594 2404 744 2445 litteris
775 2408 911 2455 asyria
942 2402 1055 2444 haud
1081 2403 1194 2444 dubii
1226 2403 1428 2458 legimus:

332 2487 502 2524 Fastidit
531 2487 746 2524 balsamum
777 2485 871 2522 alibi
899 2485 1014 2522 nasci
1043 2489 1190 2522 nalum
1223 2484 1298 2522 nisi
1326 2484 1365 2521 in
1396 2484 1536 2533 Syria,
1575 2484 1739 2532 Assyria

332 2566 457 2602 malus
487 2565 565 2602 ete.

389 2643 578 2680 Arabiam
609 2652 702 2679 cum
743 2637 864 2679 codd.
893 2650 1032 2692 neque
1062 2641 1217 2678 Arabia
1248 2640 1359 2678 reete
1390 2638 1514 2676 Ianus
1559 2636 1739 2690 scripsit,

276 2719 320 2759 in
350 2731 474 2773 quam
505 2718 789 2757 coniecturam
812 2729 890 2771 ego
921 2729 1086 2770 quoque
1117 2715 1360 2756 incideram.
1392 2713 1508 2754 Idem
1527 2714 1563 2765 ἓ.
1591 2714 1677 2755 137.
1717 2727 1739 2753 e

280 2795 371 2838 cod.
403 2809 428 2835 a
449 2795 578 2835 ‘Ianus
610 2799 723 2835 recte
744 2794 848 2848 legit
877 2797 1105 2845 improviso.
