1914 3237
202 1474 279 1515 137

315 140 395 182 112
920 137 1052 180 Liber
1081 139 1167 182 VI.

311 262 441 318 igitur
472 262 558 302 duo
586 262 912 316 negotiatorum
944 262 1118 318 agmina
1148 263 1386 306 convenire
1420 273 1592 316 narrat,
1624 280 1776 309 eorum

311 346 383 400 qui
414 358 439 384 a
471 343 593 385 Gaza
626 349 668 382 et
699 342 769 397 qui
802 340 1005 396 Palmyra
1044 350 1274 385 venerunt.
1343 343 1438 385 Hos
1467 352 1626 396 antem,
1668 360 1778 402 quo-

309 423 441 465 modo
477 421 573 463 fere
614 421 857 463 orationem
894 421 1068 462 variare
1108 420 1246 473 solet,
1286 422 1344 463 ita
1374 432 1689 466 commemorat
1715 432 1777 476 ut,

311 516 441 557 quum
488 501 670 557 primum
719 513 745 541 a
789 500 914 541 litore
959 499 1118 554 Syriae
1163 499 1412 555 Palmyram
1458 503 1776 556 accessissent,

310 581 467 623 deinde
497 580 766 621 Damascum
797 592 850 619 ac
881 578 1055 618 Petram
1087 586 1240 633 petere
1272 580 1429 623 tradat.
1488 581 1778 623 Scribendum

309 667 377 702 est
408 660 536 714 igitur
569 673 650 714 pro
686 664 768 709 „et
795 655 967 712 Syria“
999 672 1022 698 e
1051 656 1181 712 Syria
1210 671 1275 701 sc.
1306 660 1530 701 maritima.
1590 660 1779 715 Reliqua

308 739 438 781 etiam
476 739 534 779 ita
570 745 616 779 ut
646 750 762 778 nunc
800 736 1006 790 leguntur
1037 734 1152 776 salsa
1182 750 1285 778 esse
1313 738 1425 779 idem
1459 739 1777 787 Quatremerus

308 817 534 867 intellexit,
564 830 716 858 verum
741 817 794 856 de
817 816 955 870 ipsius
975 816 1207 870 scriptoris
1228 829 1378 857 errore
1400 818 1623 870 cogitavit,
1647 832 1775 873 quem

305 911 387 938 nos
426 896 615 937 librariis
653 895 927 936 tribuendum
965 908 1067 936 esse
1098 894 1379 935 coniecimus.
1450 894 1655 936 Ceterum
1686 910 1777 937 mo-

305 990 412 1018 nere
444 988 586 1029 paene
628 972 786 1014 oblitus
824 986 966 1023 eram,
1000 987 1081 1028 pro
1117 971 1377 1013 Tlmmatam
1417 986 1441 1014 e
1476 974 1603 1016 codd.
1632 974 1777 1017 Ro'rd

305 1055 541 1110 legendum
577 1066 681 1095 esse
724 1052 994 1093 Dumatham
1036 1066 1165 1108 quam
1210 1050 1395 1093 formam
1441 1060 1483 1093 et
1522 1052 1776 1107 Stephanus

304 1133 548 1189 Byzantius
586 1141 629 1175 et
655 1131 937 1174 Ptolemaeus
969 1130 1020 1173 V.
1048 1131 1112 1173 19.
1136 1133 1175 1172 7.
1204 1130 1359 1172 leviter
1389 1140 1641 1185 corruptam
1670 1132 1776 1176 Δού-

302 1225 420 1270 μεὲῑα
449 1208 473 1265 ἢ
503 1211 733 1267 Δούμαιὲῐά
763 1215 883 1266 (nam
911 1210 981 1251 hle
1012 1210 1136 1252 locus
1165 1224 1307 1266 neque
1326 1210 1454 1252 VL7.
1474 1209 1543 1260 33,
1573 1211 1774 1252 ublA1·a-

303 1295 403 1335 biae
434 1291 578 1334 felicis
607 1290 816 1345 oppidum
843 1290 1107 1345 nominatur,
1136 1288 1381 1331 laudandus
1415 1296 1510 1332 erat
1540 1303 1565 1330 a
1585 1288 1774 1345 Silligio)

305 1372 528 1414 exhibent.

987 1446 1100 1496 147.

370 1539 514 1589 Nunc
545 1556 573 1587 a
592 1538 813 1586 Charace
843 1536 1102 1587 dicimus
1136 1553 1268 1586 oram
1287 1536 1533 1602 Epiphani
1563 1537 1771 1602 primum

372 1628 679 1694 exquisitam.
759 1629 954 1690 LocuS‚
1002 1627 1084 1676 ubi
1131 1627 1400 1692 Euphratis
1448 1628 1623 1676 ostium
1665 1627 1771 1688 suit,

370 1720 551 1769 flumen
589 1720 807 1780 Salsum,
845 1718 1231 1784 promontorium
1268 1719 1545 1780 Chaldone‚
1597 1734 1772 1767 vora-

368 1810 494 1876 gini
529 1810 823 1871 similius,
861 1827 1028 1875 quam
1065 1809 1212 1858 mari
1247 1826 1355 1875 per
1391 1809 1573 1874 LMp.
1606 1826 1770 1870 orae,

366 1903 548 1950 flumen
580 1902 835 1950 Achenum
878 1905 959 1947 rel.

412 2002 596 2044 Duobus
636 2002 778 2043 modis
814 2001 871 2042 ad
913 2013 965 2042 ea
1002 2013 1115 2055 quae
1153 2001 1438 2055 expositurus
1476 2009 1564 2052 est,
1606 1999 1770 2042 Plinius

300 2081 528 2122 transitum
566 2090 713 2136 parat,
755 2081 850 2123 sive
895 2079 1174 2121 coniunctivo
1204 2080 1455 2133 praesentis
1497 2081 1591 2121 sive
1624 2079 1769 2121 futuro

299 2161 522 2202 indicativi
552 2174 673 2202 usus.
732 2161 810 2211 Ita,
841 2168 887 2201 ut
916 2160 958 2200 in
988 2160 1198 2214 proximis
1233 2158 1485 2211 subsistam,
1517 2158 1666 2213 §.10st
1694 2158 1767 2201 fin.

299 2239 537 2294 reperitur:
577 2245 869 2288 revertemur,
909 2238 1106 2280 dicemus
1139 2237 1176 2293 ᾗ.
1208 2235 1300 2287 116,
1335 2237 1568 2278 conveniat
1607 2236 1644 2292 ἓ.
1677 2236 1768 2278 127.

300 2318 500 2358 dicantur
529 2317 623 2368 157,
656 2331 975 2373 persequemur
998 2316 1089 2358 163.
1148 2317 1388 2357 Indicativo
1421 2329 1527 2356 vero
1560 2328 1769 2369 praesen-

299 2398 352 2438 tis
385 2397 595 2438 abstinet:
635 2397 780 2452 itaque
818 2396 889 2437 hic
919 2397 1199 2438 scribendum
1231 2395 1332 2436 erit:
1371 2394 1614 2437 dicemus.
1671 2393 1768 2435 Sci-

297 2475 401 2517 licet
429 2476 470 2516 in
502 2474 848 2530 protarchetypo
881 2474 1025 2516 suerat
1058 2490 1228 2525 mcnqu,
1261 2473 1521 2528 permutatis
1553 2472 1710 2513 litteris
1742 2486 1766 2511 u

298 2562 340 2595 et
359 2568 384 2595 1.
440 2554 644 2596 Ceterum
675 2553 746 2595 hic
780 2568 955 2609 quoque
986 2555 1219 2595 verborum
1251 2552 1359 2593 ordo
1383 2551 1663 2606 perturbatus
1687 2557 1768 2593 est.

296 2633 407 2673 Nam
439 2632 781 2687 promontorium
810 2646 894 2673 nec
923 2634 1032 2674 mari
1062 2640 1135 2674 aut
1156 2632 1356 2687 voragini
1383 2628 1521 2672 simile
1551 2627 1766 2682 appellari

296 2724 380 2752 nec
413 2724 493 2765 per
521 2711 557 2751 L
588 2712 633 2752 M
652 2727 694 2766 p.
728 2712 905 2753 extendi
935 2711 1083 2766 potuit.
1143 2711 1203 2753 At
1233 2717 1387 2752 contra
1418 2709 1538 2749 circa
1566 2705 1763 2760 Euphra-

297 2790 351 2832 tis
379 2790 536 2832 ostium
571 2789 757 2844 paludes
793 2791 847 2832 ab
884 2797 1071 2844 utraque
1110 2797 1235 2843 parte
1267 2787 1353 2829 late
1385 2788 1581 2841 patuisse
1611 2794 1761 2828 notum
