1914 3237
769 202 886 241 Liber
914 201 958 239 X
967 201 1032 238 VI.
1579 194 1630 236 11

728 328 815 378 101
838 352 897 371 =
916 331 1075 386 25‚41.
1663 329 1744 374 269

238 432 320 484 Sic
357 432 406 481 fit
452 435 501 479 ut
537 430 690 494 prima
738 428 989 478 cacumina
1024 426 1208 492 impelli
1244 425 1426 475 secutis
1464 436 1637 489 appar-

237 526 313 570 eat
349 517 630 584 geniculato
668 517 986 566 incremento.
1055 514 1216 564 Tertia
1262 517 1336 562 est
1373 512 1638 561 earundem

243 606 590 672 (germinatio)
633 604 718 655 rel.

282 706 556 761 Participium
575 704 750 760 perfecti
774 717 867 744 cum
898 701 1135 758 praesentis
1167 700 1371 741 infinitivo
1401 698 1511 739 male
1542 711 1640 738 con-

177 785 294 840 iungi
325 784 412 825 Sill.
461 783 769 824 animadvertit.
827 781 937 822 Nam
970 780 1041 836 qui
1081 779 1132 820 ab
1164 778 1268 820 Iano
1298 776 1495 818 laudatur
1523 776 1640 816 locus

174 858 309 904 XVII.
341 862 406 905 16.
439 875 488 902 eo
521 860 679 914 differt,
727 859 840 915 quod
886 859 945 900 ibi
991 858 1108 899 verbi
1156 869 1374 898 excurrere
1408 853 1642 910 perfectum

173 941 394 996 participio
424 939 601 994 perfecti
624 938 854 994 praecedit.
912 936 995 978 Hic
1024 950 1124 978 vero
1155 935 1227 976 ubi
1258 934 1310 975 de
1343 932 1553 989 tripartita
1577 945 1641 971 ar-

174 1019 323 1060 borum
347 1017 611 1073 quarundam
641 1016 949 1071 germinatione
980 1015 1137 1070 agit-ur,
1170 1014 1280 1054 inter
1306 1016 1473 1064 primam
1506 1015 1548 1051 et
1566 1016 1642 1050 ter-

175 1101 269 1137 liam
300 1095 651 1150 germinationem
682 1094 823 1136 media
854 1099 917 1135 est
949 1092 1154 1145 secunda,
1185 1092 1327 1147 itaque
1351 1088 1641 1131 scribendum:

173 1177 373 1216 secundis.

743 1256 830 1302 111
854 1270 905 1288 Ξ
923 1254 1080 1309 26,47.
1673 1261 1754 1306 270

244 1354 316 1403 Fit
364 1354 488 1402 haec
538 1352 807 1402 differentia
845 1357 891 1400 et
929 1367 989 1401 ex
1025 1365 1173 1408 sexn,
1210 1348 1256 1397 in
1294 1347 1451 1412 iisque
1487 1360 1646 1395 mares

245 1457 343 1491 non
378 1442 562 1502 ferunt3

180 1541 322 1582 Verba
352 1545 389 1582 in
416 1545 541 1592 iisque
560 1540 713 1596 quippe
740 1553 847 1594 quae
879 1553 959 1594 quo
991 1538 1228 1579 referantur
1245 1550 1330 1578 non
1352 1536 1538 1577 habeant
1558 1549 1647 1576 cor-

179 1625 302 1675 rupta
349 1632 444 1659 esse
474 1624 587 1659 recte
626 1618 712 1659 Sill.
744 1617 907 1657 monuit
940 1616 1136 1671 idemque
1186 1615 1392 1670 scriptura
1434 1612 1589 1654 codicis
1623 1626 1648 1652 a

183 1697 383 1738 mendum
416 1696 618 1737 orationis
648 1695 824 1735 indicari
856 1694 1073 1735 intellexit.
1120 1692 1244 1742 Quod
1272 1692 1385 1734 facili
1415 1691 1648 1732 mutatione

186 1775 355 1817 tollitur.
413 1774 586 1816 Scilicet
614 1773 721 1814 haec
749 1770 910 1814 habent
933 1771 1048 1813 libri:

236 1852 284 1893 d:
316 1860 353 1892 et
383 1866 434 1893 ex
463 1866 563 1893 sexu
593 1855 633 1892 in
664 1855 800 1902 iisque.

236 1931 294 1971 Dl
315 1944 335 1971 e
353 1931 434 1971 D2:
466 1940 502 1971 et
525 1928 758 1986 (quomodo
779 1929 972 1985 proxima
989 1942 1074 1971 vox
1092 1928 1313 1979 scribatur,
1343 1940 1428 1968 non
1444 1929 1649 1975 constat).

238 2023 284 2050 a:
316 2023 366 2050 esc
395 2012 533 2051 vicinis
563 2021 648 2077 que.

238 2087 262 2129 i.
295 2101 328 2130 e.
361 2096 396 2127 el
423 2102 521 2128 sexu
552 2092 591 2129 in
622 2092 669 2128 iis
699 2099 801 2137 quae
831 2100 960 2126 mares
990 2098 1070 2126 non
1098 2086 1255 2135 serunt,

183 2178 238 2205 sc.
278 2165 319 2205 in
358 2165 409 2206 iis
452 2166 671 2207 arboribus
704 2178 811 2220 quae
843 2178 937 2205 cum
968 2176 1106 2204 mares
1138 2163 1221 2203 sint
1250 2175 1334 2203 non
1364 2161 1524 2214 ferunt,
1569 2159 1651 2203 ὅσα

184 2243 397 2285 καλοῦσιν
428 2243 593 2300 ἄρρενα
623 2248 711 2284 τῶν
745 2240 967 2297 ὁμογενῶν
998 2241 1200 2297 ἄκαρπα,
1241 2239 1558 2295 Theophrastus
1589 2239 1651 2280 in-

187 2320 276 2374 quit
306 2319 381 2366 ΙΠ.
414 2322 450 2364 3.
482 2323 519 2364 7.
539 2346 586 2350 —
619 2321 750 2362 Paulo
782 2325 879 2361 ante
909 2320 952 2359 in
981 2323 1080 2360 silva
1112 2321 1234 2360 cende
1265 2317 1376 2374 quod
1401 2317 1491 2359 cod.
1525 2331 1549 2358 a
1576 2317 1652 2358 ha-

191 2396 263 2438 bet
296 2398 412 2447 (cod.
446 2399 483 2441 d.
517 2403 659 2449 cende)
711 2411 865 2439 nomen
897 2398 1112 2453 proprium
1140 2397 1272 2437 latere
1301 2396 1430 2436 Ianus
1463 2394 1652 2436 animad-

187 2477 334 2529 vertit,
368 2480 602 2518 Canderz'am
626 2476 758 2517 fuisse
781 2481 922 2532 putat,
953 2475 1126 2531 propius
1150 2474 1203 2515 ad
1219 2475 1454 2515 litterarum
1475 2473 1652 2515 formam

187 2556 375 2594 Candaea
404 2554 568 2596 videtur
599 2555 802 2596 accedere
831 2555 857 2596 i.
890 2568 924 2595 e.
942 2554 1107 2605 Martia,
1140 2552 1385 2595 Camiaeum
1409 2552 1521 2593 enim
1542 2551 1652 2593 Mar-

184 2636 269 2674 tem
300 2633 488 2688 appellat
518 2632 744 2689 Lycophro
777 2632 868 2676 528.
901 2633 1022 2676 1410.

749 2738 839 2785 113
859 2758 918 2777 =
936 2737 1094 2792 26,49.
1683 2736 1760 2780 271

246 2827 291 2871 α’
312 2823 457 2884 (fico)
479 2825 648 2871 demum
667 2823 823 2873 serius
844 2821 1013 2873 folium
1029 2821 1244 2871 nascitur
1267 2836 1412 2887 quam
1432 2837 1643 2887 pomum.
