1914 3237
768 148 900 189 Liber
927 149 1013 190 IX.
1543 146 1623 188 157

155 271 474 313 emendandam
507 285 610 313 esse
639 277 985 313 consentaneum
1013 278 1092 312 est.
1132 271 1241 311 Nam
1261 271 1411 312 cancri
1429 283 1514 311 non
1533 271 1625 311 uni·

0 352 2 439 h
152 352 272 393 versi
288 359 444 393 contra
460 350 619 392 fluctus
639 357 792 391 natare
815 349 1148 404 aggrediuntur,
1163 350 1243 390 sed
1263 350 1335 391 ubi
1354 349 1624 403 singulorum

155 438 342 471 conatus
365 430 511 471 irritus
544 428 717 478 mansit,
748 433 867 468 terra
897 427 1119 467 incedunt.
1173 426 1345 467 Deinde
1374 428 1623 482 asyndeton

0 458 7 518 l

155 508 378 562 displicet:
411 513 542 560 atque
562 506 798 546 verborum
831 504 1027 545 ordinem
1060 504 1296 559 antiquitus
1325 507 1625 558 perturbatum

118 587 124 590 ’
152 585 292 626 fuisse
324 585 420 626 cod.
454 585 479 625 d
512 584 741 639 probabile
776 584 843 633 fit‚
882 584 953 639 qui
991 585 1129 625 verba
1170 583 1406 643 aliquando
1434 586 1629 625 universi

152 665 330 705 inverso
370 664 524 705 ordine
565 664 756 706 exhibet.
837 663 1204 718 Transpositione
1244 663 1374 716 igitur
1419 664 1625 704 utendum

154 750 222 785 est
253 750 296 784 et
327 742 501 797 syllaba
534 743 595 783 ali
622 745 663 784 in
695 744 733 784 si
761 751 968 785 correcta
1000 743 1308 784 scribendum:

218 822 422 863 Universi
439 828 769 879 conyreqantur,
794 822 838 861 si
865 836 1001 882 quan
1016 821 1044 860 d
1059 836 1080 860 ο
1113 834 1156 860 os
1181 820 1311 860 Ponti
1329 819 1525 859 evincere
1547 819 1626 860 rel.

156 900 325 949 Quodsi
349 900 410 940 ali
430 901 604 942 omnino
631 900 819 941 delenda
841 906 1026 941 censeat
1050 899 1223 954 aliquis,
1244 913 1330 940 non
1354 899 1626 954 repugnabo.

706 1033 802 1082 108
821 1055 872 1076 Ξ
893 1033 972 1094 35,
993 1032 1073 1081 54.

220 1163 288 1171 -—
325 1134 365 1182 si
405 1134 644 1198 fulguret,
695 1133 947 1197 comprimi
988 1134 1196 1181 conchas
1238 1150 1294 1181 ac
1332 1150 1422 1197 pro
1460 1133 1629 1180 ieiunii

1654 1065 1734 1107 193

223 1225 367 1274 modo
412 1224 589 1284 minui3
632 1224 673 1272 si
709 1241 826 1273 vero
860 1224 1002 1272 etiam
1040 1224 1285 1285 tonuerit,
1333 1224 1532 1289 pavidas
1569 1242 1625 1272 ac

223 1323 427 1380 repente
449 1331 755 1379 compressas
776 1331 897 1378 qnae
912 1321 1086 1363 vocant
1105 1314 1392 1379 physemata
1410 1315 1628 1375 efficere,

220 1406 453 1470 speciem
477 1404 620 1452 modo
640 1404 768 1452 inani
788 1404 1014 1452 inflatam
1037 1404 1140 1452 sine
1165 1405 1498 1470 corpore3hos
1518 1422 1628 1453 esse

224 1496 516 1543 concharum
556 1496 769 1542 abortus.

266 1596 393 1649 Ipsas
414 1597 674 1649 margaritas
694 1597 850 1635 inanes
879 1593 1116 1648 (postianm
1145 1607 1248 1635 esse
1279 1602 1628 1637 consentaneum

159 1681 240 1724 est,
272 1675 374 1730 quid
401 1689 509 1716 vero
535 1674 637 1716 illud
660 1675 789 1715 inane
818 1674 873 1715 sit
894 1688 980 1728 quo
1001 1674 1207 1714 inflentur
1226 1674 1442 1724 conchae,
1462 1676 1629 1728 nescio,

157 1753 241 1792 nisi
264 1753 404 1806 ipsam
429 1754 692 1807 margaritae
715 1753 923 1806 speciem.
963 1752 1114 1806 ltaque
1129 1752 1309 1806 vulgata
1338 1751 1469 1794 lectio
1500 1767 1629 1807 quam

160 1832 279 1872 dedit
300 1831 510 1885 Silligius,
532 1831 661 1873 valde
679 1830 949 1884 displiceret,
971 1830 1140 1871 etiamsi
1164 1831 1364 1887 omnibus
1387 1830 1508 1873 libris
1521 1832 1631 1873 Mss.

159 1910 482 1952 defenderetur.
541 1910 670 1951 Nunc
701 1924 807 1951 vero
830 1910 1044 1964 perpauci
1075 1917 1240 1951 tantum
1270 1911 1450 1952 codices
1481 1912 1630 1965 vulga-

158 1996 304 2042 gatam
337 1996 534 2038 tuentur,
576 1988 619 2028 in
648 1987 793 2030 Rer
836 1988 878 2028 id
909 1996 977 2028 est
1014 1988 1054 2028 in
1087 1989 1260 2043 optimis
1294 1991 1539 2046 quibusque
1570 1990 1631 2032 le-

158 2067 273 2121 gitur
300 2065 495 2124 inflatas‚
530 2067 572 2107 in
602 2065 673 2108 ΘΤ
697 2066 847 2122 specie.
908 2066 1038 2106 Unde
1061 2067 1243 2121 egregia
1268 2067 1457 2110 efficitur
1477 2069 1631 2112 lectio:

491 2144 658 2199 specie
688 2143 811 2183 modo
842 2144 966 2183 inani
994 2142 1183 2201 inflatas
1215 2169 1292 2195 —-,

160 2221 360 2263 conchae
403 2222 517 2263 enim
558 2235 647 2262 non
682 2234 836 2262 verum
876 2221 1082 2263 unionem
1121 2223 1201 2263 sed
1241 2225 1436 2278 speciem
1467 2232 1630 2267 tantum

161 2301 254 2342 eius
283 2301 459 2342 inanem
488 2300 751 2354 concipiunt.

270 2403 316 2443 In
345 2404 548 2458 proximo
579 2417 716 2444 sensu
748 2401 1085 2444 eumSalmasio
1109 2418 1148 2458 p.
1172 2403 1290 2445 1133.
1323 2418 1346 2446 e
1371 2412 1524 2448 vetere
1558 2422 1627 2449 co-

163 2482 260 2523 dice
284 2482 566 2523 scribendum
585 2495 688 2523 esse
712 2481 903 2523 arbitror
926 2482 1097 2535 mirum,
1129 2484 1243 2538 quod
1263 2484 1394 2525 etiam
1413 2486 1494 2526 sub
1517 2500 1631 2529 voce

160 2560 269 2600 miro
300 2573 428 2615 quam
452 2560 492 2600 R
513 2568 555 2601 et
576 2560 603 2600 d
625 2559 848 2610 exhibent,
878 2559 1018 2601 latere
1040 2561 1227 2613 videtur,
1260 2577 1444 2618 quorum
1474 2567 1631 2609 arche-

160 2643 293 2693 typus
329 2629 446 2680 mirff
465 2638 676 2681 habuisse
704 2638 923 2693 putandus
954 2645 1035 2680 est.
