1914 3237
775 162 896 200 Liber
911 161 1070 200 XXIV.
1574 155 1652 198 131*

189 294 303 341 ilem,
334 295 379 329 ut
410 289 554 330 nescio
585 289 677 343 quis
709 287 821 343 apud
850 288 995 328 Dalec.
1030 287 1098 342 qui
1130 286 1167 327 K
1200 286 1356 327 codicis
1385 286 1554 326 nomine
1584 285 1655 325 de-

192 367 405 422 signatur,
451 365 728 407 omittendum
760 377 853 405 esse
884 378 1052 405 censeo.
1113 365 1146 418 §.
1180 364 1259 407 «160
1289 363 1473 418 lepidum
1507 362 1656 417 Silligii

192 443 414 500 operarum
441 443 586 483 vitium
616 456 736 483 sucus
762 445 918 490 sentitiis
947 443 1074 482 Ianus
1106 441 1313 492 servavit,
1346 440 1563 481 Strackius
1596 440 1655 480 fe-

189 523 258 563 lici
289 521 467 561 audacia
496 520 537 560 in
567 533 686 560 sucus
711 524 869 560 Seminis
896 519 1096 561 correxit:
1130 518 1341 560 Harduini
1372 517 1523 558 librum
1554 531 1655 559 neu-

190 603 255 639 ter
283 599 477 652 inspexit.

715 765 721 772 X
762 701 849 748 161
874 700 1077 756 =9,81.
1685 716 1765 761 509

254 784 435 834 Lenius
471 800 591 835 suco
631 784 794 836 oleum
840 792 915 835 est
951 802 1012 835 ex
1049 785 1223 835 eadem
1261 789 1442 848 myrto,
1496 783 1654 832 lenius

254 878 302 923 et
340 874 503 929 vinum
541 888 637 937 quo
674 888 937 938 numquam
973 874 1287 922 inebriantur.

246 960 436 1003 Dioscor.
468 962 499 1001 I.
535 962 608 1003 155
628 994 636 1002 .
663 995 669 1002 .
696 960 717 1003 ὃ
749 958 1005 1017 «ἒξ-αὐτῆς
1036 962 1085 1002 δὲ
1116 960 1342 1014 γινόμενος
1367 958 1484 1008 οἶνος
1506 958 1656 1015 ἀκραί-

188 1026 328 1087 παλός
357 1036 454 1081 ἐστι
482 1039 820 1095 προπινόμιενος.
864 1039 991 1094 Apud
1021 1038 1202 1079 Plinium
1233 1038 1392 1092 aliquot
1422 1038 1552 1079 verba
1582 1050 1653 1078 ex-

187 1117 392 1169 ciderunt,
424 1117 553 1157 veluti
581 1130 676 1171 ,quo
709 1117 779 1171 qui
810 1130 856 1158 sc
887 1122 985 1157 ante
1016 1116 1344 1157 confirmarunt.‘

752 1285 913 1333 LlBER
955 1286 1097 1333 XXIV.

295 1405 377 1453 Qui
423 1405 477 1446 ad
527 1405 638 1445 hunc
685 1404 836 1446 librum
868 1419 892 1446 a
921 1405 1008 1446 Sill.
1053 1405 1219 1446 excussi
1265 1409 1361 1445 sunt
1405 1404 1499 1445 libri
1532 1403 1652 1445 MSS.

187 1483 225 1522 V
249 1497 274 1523 a
293 1483 319 1523 d
350 1483 512 1524 lacunis
542 1483 792 1538 mendisque
810 1482 1032 1523 deformati
1054 1497 1254 1538 magnum
1284 1483 1378 1523 libri
1408 1483 1446 1524 R
1475 1497 1556 1538 quo
1586 1483 1655 1524 hic

189 1563 354 1616 queque
400 1560 616 1602 deficimur
647 1561 902 1601 desiderium
944 1565 1127 1602 movent,
1185 1561 1381 1601 Pleniore
1418 1561 1524 1602 libro
1555 1563 1654 1602 Bar-

189 1639 316 1680 barus
346 1653 449 1679 usus
488 1638 653 1679 videtur
685 1651 800 1691 esse,
843 1639 960 1679 cuius
1000 1639 1130 1694 copiis
1170 1645 1292 1680 caute
1324 1639 1521 1680 adhibitis
1554 1653 1655 1679 non-

190 1716 293 1757 nulli
342 1717 420 1757 loci
462 1715 669 1771 probabili
712 1721 825 1757 certe
866 1717 990 1757 modo
1033 1718 1334 1770 restituuntur3
1386 1722 1511 1772 atque
1543 1717 1656 1758 haud

189 1808 283 1836 raro
314 1795 498 1849 vulgatis
529 1795 667 1849 potius
699 1808 824 1849 quam
856 1793 1005 1849 Silligii
1034 1795 1287 1836 lectionibus
1312 1800 1424 1836 recte
1450 1795 1655 1836 adsensus

191 1876 257 1912 est
285 1871 426 1912 [anus.
459 1871 657 1914 Ceterum
688 1872 778 1913 cod.
812 1886 838 1913 a
866 1866 1324 1914 Vossiano'meliorem
1358 1887 1451 1914 esse
1482 1887 1656 1914 censeo:

193 1963 211 1988 r
242 1950 266 1990 i.
300 1963 334 1990 e.
369 1950 630 2005 Dalecampii
663 1953 716 1992 M.
763 1950 828 1991 vel
858 1953 960 1991 Man.
1001 1950 1211 1991 interdum
1247 1956 1416 1992 secutus
1462 1956 1527 1992 est
1557 1951 1659 2003 Sili,

192 2027 358 2067 affinem
387 2027 780 2091 Luciliburgensem
810 2028 996 2069 codicem
1028 2030 1062 2069 E
1094 2043 1189 2070 esse
1228 2042 1362 2084 nuper
1391 2030 1432 2069 in
1463 2029 1658 2084 epheme-

189 2104 350 2145 ridibus
383 2118 408 2145 a
439 2089 519 2146 me·
537 2106 660 2147 editis
695 2106 805 2161 (Eos
837 2107 888 2147 II.
920 2121 958 2160 p.
991 2107 1094 2155 357)
1131 2108 1335 2162 exemplis
1368 2107 1557 2162 probavi,
1588 2121 1658 2160 op-

191 2183 280 2224 timi
311 2182 467 2224 codicis
499 2198 523 2224 a
561 2185 619 2225 ita
650 2186 829 2226 similem
860 2190 906 2225 ut
936 2199 1224 2240 nonumquam
1266 2185 1570 2241 praeferendus
1602 2187 1659 2228 ei-

190 2260 285 2302 dem
317 2274 411 2302 esse
443 2262 649 2303 videatur.

817 2378 843 2422 9
863 2389 916 2408 Ξ
939 2376 1029 2431 4,5.

259 2457 447 2523 (gallae
484 2458 758 2521 illinuntur)
811 2461 1055 2510 ulceribus
1091 2462 1419 2521 manantibuffi
1473 2464 1661 2528 condy-

252 2546 469 2606 lomatis,
520 2547 764 2598 ulceribus
804 2564 928 2612 quae
962 2549 1335 2614 phagedaenica
1370 2557 1624 2602 vocantur.

298 2634 363 2675 lta
394 2635 481 2676 Sill.
525 2650 547 2676 e
586 2650 624 2688 r,
664 2636 729 2676 cui
768 2650 878 2677 nunc
907 2635 943 2676 E
974 2636 1237 2692 adiungitur,
1278 2639 1532 2693 rectissime3
1581 2645 1660 2681 vul—

189 2716 348 2753 neribus
378 2727 400 2754 e
430 2713 467 2753 V
488 2714 556 2754 ad
593 2719 634 2755 et
672 2714 846 2769 vulgata
882 2715 1064 2755 lectione
1095 2714 1237 2756 Ianus.
1296 2718 1354 2757 At
1395 2730 1479 2758 non
1517 2718 1660 2760 vulne-

188 2803 279 2830 rum
311 2790 386 2831 sed
414 2792 601 2832 ulcerum
634 2805 789 2833 nomen
830 2792 1133 2847 phagedaenas
1165 2806 1259 2835 esse
1289 2794 1450 2836 Plinius
1480 2796 1576 2837 XX.
1609 2797 1662 2842 27

1323 2873 1385 2916 9*

1690 2397 1771 2441 510
