1914 3237
207 2178 264 2222 63

301 163 357 205 44
914 160 1046 204 Lae‘ber
1073 162 1160 206 IV.

358 291 477 327 ortus
518 284 564 325 ἰη
597 283 752 326 Lilaea
791 284 928 328 urbe.
990 284 1265 343 Quondam
1303 291 1532 343 praeterea
1571 287 1769 345 oppidum

359 363 487 405 Crisa
515 377 613 419 sqq.

414 442 572 485 Parum
609 449 845 498 praeterea
883 443 965 484 sibi
997 444 1191 485 constitit
1220 443 1414 500 Silligius
1445 445 1546 487 dum
1578 445 1770 500 optimos

299 521 482 564 codices
512 521 552 563 A
584 529 626 564 et
654 521 696 563 R
722 535 834 577 quos
864 521 905 562 in
939 535 988 563 re
1020 522 1151 564 dubia
1178 535 1290 577 prae
1322 524 1485 566 ceteris
1514 523 1769 580 sequendos

299 617 404 645 esse
434 609 557 644 recte
593 601 778 651 iudicat,
824 599 896 640 hic
935 600 1112 642 deserit.
1171 601 1463 644 Scribendum
1492 612 1560 644 est
1601 603 1716 644 enim
1746 616 1770 643 e

297 682 424 724 codd.
451 682 569 731 AR²‚
599 680 858 735 quibuscum
888 680 1108 721 consentit
1124 679 1256 722 Mart.
1272 680 1456 735 Capella
1477 681 1623 738 p.651,
1653 695 1769 721 mon-

298 767 382 802 tem
410 759 687 811 IIelieonem,
720 765 766 800 ut
795 757 909 799 infra
940 758 977 814 §
993 757 1033 800 9.
1064 772 1087 800 e
1118 759 1214 801 cod.
1236 759 1278 801 A
1307 766 1450 804 antea.

894 877 957 924 12
975 900 1026 920 =
1045 878 1092 938 5,
1114 878 1159 925 6.

364 976 561 1042 Oppida
597 975 805 1037 Helice,
844 976 1006 1038 Bura,
1053 976 1101 1025 in
1147 993 1272 1043 quae
1316 978 1546 1043 refugere
1580 977 1767 1027 haustis

362 1067 607 1133 prioribus
645 1066 848 1132 Sicyon,
884 1066 1084 1132 Aegira,
1121 1068 1349 1133 Aegium,
1381 1069 1608 1118 Erineos.

403 1181 468 1223 Ita
499 1180 640 1222 verba
672 1179 796 1221 Plinii
824 1179 1017 1236 Silligius
1047 1180 1330 1235 interpunxit,
1360 1189 1407 1223 ut
1431 1181 1642 1223 Harduini
1670 1193 1767 1221 sen-

294 1261 470 1302 tentiam
498 1257 702 1313 amplecti
717 1258 929 1299 videatur.
971 1259 1050 1300 llle
1076 1259 1189 1301 enim
1220 1260 1386 1301 maiore
1415 1259 1768 1314 interpunctione

294 1347 396 1394 post
421 1339 549 1380 Bura
579 1339 727 1393 posita
757 1339 971 1393 proximis
1003 1339 1154 1381 verbis
1184 1352 1239 1380 ea
1266 1340 1430 1394 oppida
1460 1338 1647 1380 indicari
1677 1344 1766 1378 sta·

293 1419 384 1468 tuit,
410 1419 453 1459 in
485 1431 598 1473 quae
629 1417 804 1459 incolae
836 1418 1046 1472 priorum,
1080 1431 1193 1474 quae
1225 1418 1437 1459 hauserat
1457 1431 1590 1468 mare,
1619 1423 1765 1458 trans—

293 1498 547 1554 migrarunt,
582 1496 821 1551 Sicyonem
851 1496 1037 1551 reliqua,
1067 1505 1198 1552 atque
1230 1498 1386 1539 eadem
1417 1497 1497 1539 viri
1515 1495 1630 1537 docti
1651 1494 1764 1549 (Da-

291 1577 513 1631 lecampii,
548 1583 594 1617 ut
622 1575 824 1630 videtur)
863 1575 944 1616 fuit
973 1575 1122 1630 opinio
1169 1576 1241 1630 qui
1274 1577 1318 1617 in
1350 1576 1543 1630 margine
1574 1572 1765 1629 exempli

289 1655 602 1712 Lugdunensis
640 1660 681 1695 et
708 1661 810 1696 ante
841 1655 887 1694 in
916 1654 1086 1709 putavit
1116 1653 1398 1695 inserendum
1428 1668 1543 1696 esse.
1603 1653 1763 1695 Mirum

288 1736 331 1777 in
360 1735 534 1776 modum
565 1740 768 1775 errarunt
798 1747 969 1777 omneS.
1029 1731 1210 1775 Scilicet
1230 1732 1449 1787 prioribus
1470 1731 1598 1774 Buris
1615 1739 1762 1774 terrae

288 1821 407 1856 motu
440 1812 675 1855 destructis
694 1825 852 1853 novam
870 1811 1023 1852 urbem
1045 1811 1348 1865 cognominem
1368 1811 1538 1852 incolae
1556 1812 1598 1852 in
1615 1818 1761 1853 monte

287 1894 429 1936 vicino
459 1885 766 1944 co’ndiderunt,
797 1903 925 1945 quam
956 1889 1069 1931 sicut
1098 1888 1243 1930 locum
1261 1888 1445 1930 Helicen
1473 1890 1580 1930 vidit
1611 1897 1654 1931 et
1685 1891 1759 1931 de-

288 1968 477 2027 scripsit
489 1970 733 2012 Pausanias
746 1968 834 2010 Vll.
846 1968 910 2009 24.
926 1966 967 2010 3.
985 1967 1183 2011 ‹:ll.25.5.
1219 1968 1508 2010 scribendum
1524 1975 1592 2010 est
1607 1969 1759 2023 igitur:

340 2050 512 2103 Helice,
526 2049 653 2092 Bura
671 2049 718 2088 in
735 2062 845 2106 quae
858 2044 1056 2105 refugere
1076 2046 1244 2089 haustis
1257 2046 1488 2104 prioribus,
1504 2045 1665 2103 Sicyon
1679 2047 1758 2090 rel.

893 2159 955 2207 13
975 2183 1026 2204 --
1043 2160 1091 2220 5,
1111 2159 1158 2207 6.

351 2263 581 2312 Erineos.
613 2261 752 2310 Intus
783 2260 1015 2321 Cleonae,
1051 2259 1271 2324 Hysiacf,
1302 2259 1609 2307 Panhormus
1644 2275 1756 2323 por—

346 2360 426 2402 tus
459 2352 939 2415 demonstratumque
974 2350 1068 2398 iam
1086 2349 1344 2398 Rhium...
1380 2350 1584 2414 Cyllene
1604 2348 1756 2410 sinus,

352 2441 738 2509 promontorium
776 2440 1086 2498 ChelonateS,
1117 2439 1246 2488 unde
1284 2440 1522 2504 Cyllenen
1552 2438 1597 2486 V
1618 2438 1667 2486 M
1687 2454 1755 2502 p.,

352 2535 603 2582 castellum
642 2530 842 2592 Phlius,
893 2547 1019 2595 quae
1060 2530 1196 2595 regio
1240 2531 1297 2578 ab
1342 2530 1566 2578 Homero
1604 2528 1756 2576 Arae-

353 2624 529 2688 thyrea
573 2623 702 2671 dicta
746 2628 845 2684 est,
889 2627 1063 2686 postea
1104 2619 1300 2685 Asopis.
1380 2619 1501 2670 Inde
1531 2617 1755 2667 Eliorum

355 2730 471 2778 agel·
501 2726 585 2761 etc.

400 2813 500 2854 Alia
518 2813 814 2868 Peloponnesi
845 2811 1071 2866 regionum
1104 2809 1406 2853 distributione
1441 2808 1574 2850 utitur
1594 2805 1755 2849 Plinius
