1914 3237
182 2680 256 2722 181

299 124 379 165 144
880 123 1010 165 Liber
1040 123 1185 166 VIII.

297 254 546 301 potuerunt.
618 245 855 288 Excidisse
893 247 1055 303 aliquid
1086 247 1281 302 Silligius
1313 248 1480 302 putavit
1509 255 1552 289 et
1584 247 1766 289 Plinium

297 324 557 377 scripsisse:
595 339 675 365 nec
701 323 809 365 Imec
841 325 952 381 sola,
989 327 1114 367 inimo
1146 327 1281 367 midla
1317 326 1461 366 multis
1490 326 1760 368 animalibus.

297 403 565 444 Sententiam
597 410 642 443 ut
671 404 756 444 dixi
789 413 911 446 reete
941 406 1161 459 explicuit.
1204 405 1366 446 Plinius
1399 405 1510 445 enim
1535 413 1766 459 postquam

295 481 467 522 duobus
496 481 725 536 exemplis,
748 481 1051 537 hippopotami
1083 492 1126 524 et
1154 484 1252 533 ibis,
1284 483 1657 523 demonstravitin
1677 483 1767 537 qui·

294 560 479 601 busdam
520 559 720 600 medendi
759 560 960 613 partibus
991 562 1045 601 ab
1078 561 1338 601 animalibus
1369 561 1567 602 homines
1600 561 1766 614 doceri,

295 637 419 691 plura
449 638 576 679 etiam
609 637 860 692 prolaturus
882 646 962 680 est.
999 638 1165 680 Verum
1196 640 1237 680 id
1268 641 1411 694 ipsum
1440 639 1556 681 nulla
1588 641 1764 681 omnino

294 719 529 759 mutatione
557 717 678 758 saeta
702 731 814 773 quae
845 719 886 759 in
917 719 1117 760 onmibus
1144 719 1375 760 codioibns
1392 718 1594 771 leguntur
1615 720 1766 772 vei-ba,

293 797 423 837 modo
452 804 554 851 apte
587 796 924 851 distinguantur,
955 796 1208 851 significare
1240 794 1517 836 manifestum
1549 803 1631 837 est.
1679 795 1766 837 Le-

292 876 480 930 gendum
512 882 580 916 est
611 875 744 916 enim:

347 954 446 995 Nee
463 953 569 994 haec
584 953 698 993 sola:
723 952 868 994 multis
886 952 1148 993 animalibus
1169 967 1254 1009 rep.
1268 958 1371 993 sunt
1388 954 1490 992 usui
1501 950 1582 1008 fut.
1600 959 1640 993 el
1657 952 1765 994 Ιιοιη.

403 1033 451 1073 ld
484 1040 574 1074 est:
606 1046 690 1073 ner:
721 1032 834 1074 haec
863 1033 960 1074 sola
989 1032 1150 1074 homini
1180 1032 1276 1074 usui
1306 1031 1452 1072 sutura
1481 1033 1536 1072 ab
1562 1031 1630 1073 his
1661 1032 1765 1072 ‹lno-

291 1114 371 1154 bus
410 1111 669 1154 animalibus
711 1118 888 1165 reperta
923 1119 1044 1161 sunt,
1085 1110 1167 1152 sed
1204 1123 1230 1151 a
1263 1109 1408 1151 multis
1447 1108 1549 1150 talia
1588 1110 1765 1151 inventa

291 1204 393 1232 esse
422 1189 637 1244 exemplis
671 1187 813 1242 palam
847 1187 931 1229 fiet.

401 1268 446 1308 ln
466 1268 676 1322 proximis
700 1266 861 1315 verbis,
893 1279 1005 1321 qnae
1027 1264 1218 1319 Silligius
1239 1271 1393 1319 aperte
1423 1273 1634 1319 corrupta
1661 1278 1764 1306 esse

292 1347 562 1400 pronuntiat,
612 1359 666 1385 ne
705 1344 1056 1398 interpunctione
1097 1343 1270 1397 quidem
1311 1356 1424 1396 opus
1461 1351 1544 1388 est.
1614 1343 1766 1385 Verba

292 1424 425 1465 enim:
464 1423 729 1463 dictamnum
760 1420 937 1461 herbam
977 1419 1261 1461 extrahendis
1296 1421 1462 1477 sagittis
1499 1423 1616 1462 cervi
1647 1437 1764 1463 mon-

291 1509 506 1553 stravere,
543 1501 738 1556 percussi
776 1515 823 1541 eo
867 1500 947 1540 telo
973 1506 1185 1560 pastuque
1217 1500 1307 1540 eius
1336 1499 1494 1540 leet-bae
1532 1502 1662 1542 eiecto
1704 1503 1764 1543 ita

291 1582 493 1622 videntur
533 1579 799 1634 explicanda
847 1593 971 1620 esse:
1017 1579 1176 1628 „cervi
1223 1593 1352 1633 quum
1396 1593 1448 1620 eo
1483 1580 1568 1621 telo
1612 1582 1654 1622 id
1697 1593 1766 1624 est

290 1660 462 1714 sagittis
494 1658 694 1713 percussi
726 1664 878 1698 essent
916 1664 1046 1712 atque
1080 1665 1180 1710 post
1212 1665 1384 1710 pastum
1423 1657 1591 1699 herbae
1624 1658 1664 1698 id
1697 1666 1766 1699 est

292 1740 362 1779 nbi
402 1738 582 1779 herbam
622 1737 808 1778 ederunt
852 1737 964 1777 idem
1003 1736 1135 1777 telum
1176 1737 1388 1778 eiicerent
1419 1744 1764 1781 monstravere“

291 1817 365 1858 rel.
427 1816 631 1858 Ceterum
664 1817 746 1856 iam
777 1814 1029 1855 Harduinus
1059 1815 1116 1854 ita
1148 1815 1347 1856 sensisse
1376 1816 1563 1856 videtur.
1597 1841 1652 1846 —

403 1921 492 1960 (Tur
522 1919 679 1960 deinde
711 1919 746 1974 ξ.
766 1917 832 1961 98.
862 1930 887 1956 a
918 1917 1096 1969 vulgata
1124 1918 1341 1971 scriptura
1373 1923 1534 1958 venatu
1565 1917 1760 1971 Silligius

289 1999 585 2042 recedendum
617 2011 719 2038 esse
748 1996 1087 2046 existimaverit,
1118 2011 1205 2036 non
1237 1996 1454 2050 intelligo,
1484 2012 1626 2052 neque
1656 2000 1759 2053 quid

290 2079 343 2118 ad
379 2077 640 2130 scripturam
669 2079 872 2114 venatum
901 2087 1028 2127 quam
1061 2087 1083 2113 e
1105 2073 1257 2113 0011.ss
1278 2075 1461 2129 recepit,
1495 2076 1759 2116 confirman-

290 2158 387 2196 dam
417 2155 542 2195 locus
573 2153 758 2194 Aristot.
792 2150 901 2192 Hist.
932 2151 1060 2190 anim.
1092 2151 1165 2191 lX.
1193 2150 1231 2192 6.
1264 2151 1487 2203 conferat,
1518 2154 1756 2208 perspicio.

290 2237 455 2276 Contra
471 2241 705 2287 serpentes
731 2232 842 2272 enim
865 2231 1008 2271 cunila
1025 2231 1144 2271 vires
1161 2229 1366 2271 refovere
1387 2231 1541 2272 dieitur
1569 2234 1760 2287 testudo,

288 2314 471 2356 mustela
504 2320 599 2353 ruta
632 2325 760 2366 quum
793 2310 832 2349 in
863 2309 1044 2349 murium
1076 2315 1235 2349 venatu
1267 2322 1362 2348 cnm
1395 2309 1446 2350 iis
1477 2311 1504 2352 i.
1530 2324 1569 2353 e.
1603 2319 1758 2352 conti-a

286 2401 521 2448 serpentes
554 2391 745 2437 dimicat:
779 2397 909 2443 atque
943 2389 983 2428 id
1013 2387 1321 2429 abA=·ist‹›tele
1354 2403 1526 2444 quoqne
1558 2392 1754 2433 traditur.

286 2473 556 2516 Aecus-atim
587 2485 694 2511 vero
727 2469 919 2509 absurde
949 2468 1295 2523 significaretur,
1338 2468 1550 2511 mustelae
1582 2470 1636 2509 ad
1669 2483 1756 2510 mu-

286 2555 393 2594 rium
423 2559 623 2592 venatum
657 2549 772 2588 vires
804 2546 1073 2588 refovendas
1111 2558 1226 2587 esse.

845 2660 908 2708 99
929 2683 977 2702 =
998 2659 1192 2707 ibidem.

352 2755 624 2804 Pantheras
677 2751 937 2816 perfricata
992 2766 1138 2797 carne
1193 2747 1383 2796 aconito
1442 2746 1537 2814 [—
1573 2764 1752 2798 vene-
