1914 3237
725 172 858 214 Liber
889 173 973 216 VI.
1532 169 1588 210 87

723 295 785 342 19
803 316 854 338 =
871 294 918 356 7,
937 295 983 342 7.
1609 301 1690 342 117

178 383 334 432 Primi
361 384 613 432 Sarmatae
643 381 1246 446 Gynaecocratumenoe,
1281 386 1582 434 Amazonum

175 473 428 522 connubia.

215 562 279 602 lta
312 561 523 616 Silligius,
557 576 686 617 quum
718 560 850 615 vulgo
880 560 1000 601 unde
1027 570 1128 602 ante
1157 561 1431 602 Amazonum
1461 564 1579 606 inse—

103 647 289 681 reretur.
348 640 494 696 Atque
526 640 630 681 illud
663 641 836 695 quidem
869 641 1116 682 rectissime
1153 640 1259 681 fecit
1288 641 1405 695 quod
1436 641 1579 684 Grae-

101 732 197 760 cam
228 718 409 774 pluralis
441 719 608 759 numeri
643 717 829 761 formam
860 733 884 760 e
908 720 1002 761 cod.
1023 719 1048 759 d
1076 720 1268 773 recepit:
1300 719 1386 761 hoc
1405 735 1578 776 quoque

98 797 346 839 laudandus
380 798 496 853 quod
529 812 685 839 vocem
716 797 848 852 unde,
880 811 1009 853 quam
1044 798 1086 838 in
1114 796 1232 839 nullo
1257 798 1370 839 libro
1401 799 1488 840 Ms.
1517 800 1578 840 in·

99 877 238 918 veniri
268 879 350 918 iam
381 877 515 921 Hard.
555 885 869 928 annotaverat,
910 878 1052 920 eiecit.
1116 877 1303 919 Videtur
1332 878 1507 932 quidem
1536 878 1577 919 in

97 957 347 998 recentiore
384 958 531 1012 aliquo
574 957 686 998 libro
732 970 758 997 a
793 957 945 1011 primis
985 956 1228 999 editoribus
1265 955 1382 998 lecta
1422 956 1577 1007 fuisse,

98 1049 228 1090 quum
258 1037 343 1076 iam
386 1036 427 1076 in
459 1035 650 1076 editione
681 1037 883 1090 principe
914 1036 1182 1089 reperiatur:
1218 1036 1298 1077 sed
1340 1035 1578 1090 interpola-

97 1113 213 1155 tione
255 1128 279 1156 e
324 1115 546 1167 corruptis
583 1113 744 1154 ultimis
789 1114 995 1154 vocabuli
1034 1113 1196 1154 Graeci
1237 1113 1393 1155 litteris
1433 1122 1574 1155 ortum

97 1206 200 1234 esse
232 1191 510 1233 manifestum
544 1199 623 1232 est.
691 1192 822 1239 Quod
854 1207 960 1233 vero
993 1191 1187 1246 Silligius
1219 1193 1405 1246 imprimi
1433 1193 1574 1245 iussit,

0 1261 6 1285 ²
94 1272 138 1312 id
168 1271 368 1326 equidem
396 1284 464 1312 me
494 1285 580 1311 non
612 1270 859 1325 intelligere
890 1270 1042 1312 fatcor.
1073 1271 1302 1313 Sarmatas
1323 1271 1434 1312 enim
1450 1272 1574 1326 ipsos

96 1351 315 1392 connubia
343 1351 619 1391 Amazonum
656 1351 812 1391 vocari
855 1359 944 1391 tum
982 1351 1154 1391 demum
1186 1351 1491 1401 crederemus,
1536 1351 1572 1391 si

93 1429 226 1471 ullum
257 1429 356 1471 talis
389 1429 594 1471 vocabuli
634 1430 848 1470 abstracti
884 1429 1031 1484 (quod
1063 1431 1245 1485 dieunt)
1286 1444 1394 1470 usus
1427 1443 1574 1470 exem-

93 1508 209 1563 plum
241 1508 419 1550 allatum
449 1517 584 1551 esset.
644 1508 830 1549 Videtur
860 1509 917 1549 ita
946 1509 1092 1550 locum
1121 1511 1438 1563 interpretatus
1471 1522 1573 1550 esse

96 1589 345 1642 Pintianus>
377 1588 476 1628 dum
512 1588 663 1641 Pomp.
686 1587 861 1628 Melam.
880 1588 907 1629 Ι.
927 1587 992 1630 19.
1021 1589 1091 1630 fin.
1151 1587 1276 1628 Plinii
1308 1587 1454 1628 verbis
1482 1586 1573 1628 illu-

0 1628 5 1709 i
93 1675 217 1708 strat.
277 1667 366 1709 Sed
398 1668 513 1720 apud
543 1666 706 1706 Melam
741 1680 916 1720 quoque
948 1666 1258 1717 „Amazonum
1285 1668 1453 1721 regna“
1483 1681 1570 1707 non

0 1730 4 1792 i
96 1758 199 1787 esse
233 1745 555 1799 appositionem
594 1745 651 1786 ad
680 1745 929 1798 „Maeotici
961 1745 1468 1802 νγυυο.ικοῑνιροιτούμευοιςζ
1494 1760 1570 1787 Ve-

0 1793 3 1882 i
92 1837 188 1866 rum
216 1823 570 1877 interpunctione
610 1830 813 1864 correcta
853 1838 878 1864 a
909 1824 1047 1865 verbo
1076 1825 1288 1875 „tenent“
1319 1833 1423 1879 apta
1453 1839 1570 1879 esse,

0 1887 3 1996 ἱ
94 1916 119 1943 a
148 1902 468 1943 recentioribus
502 1901 766 1943 intellectum
801 1912 882 1944 est.
946 1903 1075 1950 Quod
1109 1910 1253 1943 autem
1284 1905 1402 1958 apud
1433 1904 1570 1946 Dale-

0 2000 2 2068 ν
93 1981 307 2034 campium
337 1980 378 2020 in
411 1982 607 2035 margine
637 1981 905 2022 adscribitur
946 1982 1217 2022 Amazonum
1248 1997 1382 2040 reflua
1416 1984 1493 2038 V.‚
1526 1984 1569 2025 id

90 2073 179 2100 non
210 2073 233 2099 e
261 2058 369 2099 libro
403 2059 484 2100 Ms.
517 2059 765 2113 profectum
796 2076 898 2102 esse
934 2062 1140 2112 arbitror,
1174 2061 1254 2102 sed
1286 2062 1403 2102 hunc
1425 2063 1568 2117 ipsum

90 2138 318 2193 Pomponii
348 2137 489 2179 locum
523 2153 549 2179 a
577 2139 673 2181 viro
706 2140 850 2195 aliquo
885 2141 1014 2181 docto
1049 2140 1241 2190 laudari,
1281 2142 1352 2197 qui
1384 2142 1567 2183 Plinium

91 2232 266 2272 quoque
297 2219 356 2258 ita
386 2218 626 2272 scripsisse
664 2219 913 2259 coniiceret.
978 2220 1222 2260 Prudenter
1254 2220 1365 2260 enim
1398 2219 1487 2261 Sill.
1520 2236 1564 2274 p.

90 2295 254 2336 XXIX.
284 2296 398 2337 inter
430 2297 565 2352 siglas
584 2297 640 2339 M.
662 2306 703 2339 et
726 2297 776 2341 V.
802 2299 959 2352 quibus
994 2313 1102 2341 usus
1135 2307 1203 2341 est
1230 2298 1566 2353 Dalecampius,

91 2375 151 2415 ita
177 2375 385 2425 distinxit,
418 2383 462 2416 ut
498 2376 635 2417 altera
665 2385 784 2417 certe
814 2378 1095 2420 coniecturas
1119 2379 1312 2420 virorum
1338 2379 1565 2420 doctorum

92 2453 330 2507 permultas
363 2455 678 2509 comprehendi
715 2452 977 2497 admitteret.
1042 2458 1171 2504 Quod
1212 2458 1270 2498 ita
1307 2472 1357 2498 se
1397 2458 1565 2498 habere

91 2545 198 2586 prae
231 2532 408 2587 reliquis
440 2535 722 2575 annotatione
754 2534 1030 2589 Dalecampii
1062 2537 1116 2576 ad
1148 2536 1302 2577 VL92.
1335 2536 1566 2578 confirma·
1588 2567 1598 2576 .

91 2620 179 2662 ων,
218 2611 291 2652 ubi
330 2611 445 2655 haec
485 2615 668 2669 margini
708 2614 968 2668 adscripsit:
1025 2612 1208 2670 „Cufim
1251 2614 1408 2656 Omnia
1447 2616 1564 2657 Man.

93 2690 278 2737 Quidam
326 2693 454 2733 etiam
504 2702 682 2734 veteres
733 2692 918 2743 habent,
969 2693 1179 2734 Pltoelo.“
1256 2693 1375 2734 Male
1419 2703 1564 2735 tamen

95 2767 162 2809 ille
203 2769 399 2825 quisquis
437 2770 529 2812 suit.
599 2772 712 2812 Nam
753 2772 792 2812 id
833 2772 977 2826 potius
1017 2771 1122 2811 dixit
1163 2770 1341 2824 Plinius,
1388 2774 1565 2815 Sarma-

94 2854 163 2888 tas
213 2858 451 2904 propterea
491 2851 1025 2905 Gynaecocratumenous
1071 2850 1309 2905 appellari,
1361 2852 1564 2906 quoniam
