1914 3237
722 209 836 246 Liber
866 209 1009 246 XXII.
1514 201 1593 243 115

201 337 481 393 Halicaeabi
517 337 731 385 radicem
779 336 947 384 bibunt
1000 335 1079 398 qui
1127 333 1375 382 vaticinari
1414 330 1596 380 callen·
1627 336 1708 379 473

202 430 375 489 tesque
411 439 526 472 vere
581 424 639 471 ad
688 422 1044 472 conlirmai'idas
1096 420 1469 485 superstitiones
1517 419 1603 468 ad-

202 512 323 577 spici
361 527 414 560 se
452 511 621 560 volunt

136 600 179 640 id
210 612 348 654 neque
377 598 501 639 facile
534 603 598 638 est
630 596 684 637 ad
713 595 1033 652 intelligendum
1077 600 1118 637 et
1151 610 1175 636 a
1204 595 1320 635 libris
1353 593 1470 635 MSS.
1503 594 1601 634 alie-

135 690 248 729 num,
280 677 349 731 qui
379 689 534 730 magno
566 688 775 716 consensu
804 679 1000 724 qallantes
1039 687 1115 725 quo
1147 687 1236 714 vere
1266 672 1445 723 habent,
1484 684 1601 726 egre-

136 755 248 810 giam
278 767 426 795 vocem
456 753 600 808 reique
632 766 755 808 quam
785 753 968 792 maxime
989 750 1363 792 accommodatam.
1396 749 1476 796 Qui
1497 748 1602 789 vati-

138 833 269 873 cinari
299 832 444 873 volunt
477 836 518 872 et
548 844 645 872 vere
676 830 885 885 gallantes
911 829 1045 871 videri
1061 830 1246 882 cupiunt,
1279 828 1427 868 bibunt
1446 826 1603 866 halica-

137 911 230 951 cabi
260 910 457 951 radicem.
505 909 654 964 Itaque
685 909 804 962 lego:
839 912 1206 959 (fumantesque
1236 920 1337 947 vere.
1384 905 1472 945 Iam
1504 917 1603 945 vero

135 1001 305 1028 manum
336 987 389 1028 de
419 987 583 1028 tabula!

712 1095 872 1144 LIBER
906 1096 1026 1144 xxu.

244 1198 280 1251 ξ.
313 1200 333 1239 1
369 1210 463 1238 011111
496 1196 690 1238 Strackio
721 1200 877 1237 illarum
909 1195 1092 1237 scribere
1123 1193 1279 1235 malim.

266 1311 484 1366 2425:
519 1311 644 1365 8,11.
703 1306 802 1366 (De
837 1306 1116 1370 glycyrriza
1152 1318 1312 1353 sermo
1350 1305 1470 1361 est).
1635 1280 1714 1323 474

202 1395 617 1462 praestantissima
652 1395 696 1443 in
735 1393 916 1453 Cilicia,
955 1395 1174 1443 secunda
1210 1391 1397 1449 Ponto,
1442 1388 1606 1438 radice

200 1483 356 1543 dulci,
394 1489 442 1534 et
477 1484 601 1533 haec
637 1488 821 1532 tantum
858 1483 903 1531 in
943 1498 1049 1531 usu.
1120 1481 1316 1545 Capitur
1352 1494 1408 1527 ea
1447 1477 1608 1540 vergi-

201 1571 370 1621 liarum
416 1588 627 1631 occasu,
675 1571 825 1636 longa
862 1586 950 1620 ceu
992 1571 1189 1629 vitium3
1244 1567 1423 1618 coloris
1462 1567 1604 1616 buxei

203 1659 375 1710 melior
412 1675 555 1724 quam
591 1660 717 1724 nigri
755 1664 846 1709 etc.

208 1749 361 1789 Levius
393 1749 541 1789 vitium
574 1749 615 1789 S.
647 1749 678 1788 Ι.
710 1747 877 1788 codices
910 1747 1134 1802 plerosque
1166 1746 1299 1786 secuti
1330 1744 1606 1795 admiserunt,

138 1839 232 1867 cum
262 1829 340 1867 hac
379 1826 492 1882 quod
525 1826 616 1867 cod.
649 1826 699 1867 R.
731 1825 903 1866 exhibet
932 1826 973 1865 in
1016 1828 1117 1866 haec
1147 1829 1380 1865 mutarunt:
1441 1822 1608 1877 gravior

139 1909 204 1945 est
232 1904 378 1959 inepta
424 1905 682 1960 glycyrrizae
712 1917 806 1944 cum
845 1903 999 1944 vitibus
1041 1902 1300 1957 comparatio
1340 1914 1474 1955 eaque
1504 1900 1607 1940 ube-

137 1983 246 2022 riore
280 1982 536 2023 Dioscoridis
568 1982 850 2036 descriptione
880 1981 957 2022 III.
989 1982 1012 2024 5
1044 1980 1306 2036 corrigenda.
1366 1978 1505 2035 ῥίζαι,
1538 1978 1608 2030 ait,

140 2062 320 2116 μακραὶ,
349 2060 612 2110 πυξοειδεῖς,
632 2092 663 2100 ..
694 2060 912 2112 γλυκεῒαι,
941 2059 1242 2113 χυλιζύμεναι,
1274 2057 1424 2111 ὥσπερ
1456 2057 1504 2099 τὸ
1535 2056 1609 2099 λύ-

137 2154 255 2187 κιον,
304 2138 416 2178 1111ᾱο
453 2138 591 2178 Plinio
623 2138 798 2178 restituo
829 2142 951 2188 lonya
983 2152 1070 2178 ceu
1100 2115 1295 2189 lycium.
1350 2135 1607 2189 Scripturam

137 2220 243 2266 m'yri
274 2216 314 2257 S.
345 2216 388 2256 in
420 2216 458 2256 V
488 2216 523 2256 Τ
555 2216 582 2256 d
632 2216 807 2270 reperiri
854 2216 1018 2268 retulit,
1065 2214 1303 2255 Gronovius
1352 2213 1608 2253 Vossianum

137 2297 254 2344 niqra
283 2293 443 2334 habere
472 2297 675 2346 testatur,
725 2293 835 2348 quod
869 2293 995 2334 etiam
1026 2292 1117 2333 cod.
1149 2292 1188 2333 R
1226 2292 1478 2332 auctoritate
1511 2305 1609 2331 con-

139 2371 348 2412 firmatum
379 2373 410 2412 1.
455 2376 570 2413 recte
611 2372 792 2426 recepit,
845 2371 1078 2426 scripturae
1127 2370 1408 2412 differentiam
1458 2368 1609 2411 afferre

141 2449 343 2505 neglexit.
403 2449 451 2490 In
482 2449 564 2489 fine
613 2450 648 2503 ξ.
679 2449 732 2493 26
770 2463 863 2490 cum
896 2449 935 2489 R
965 2449 1120 2490 scribo:
1180 2453 1280 2490 Sunt
1309 2453 1375 2500 qui
1412 2457 1448 2488 et
1477 2452 1608 2489 calcu-

137 2534 196 2570 los
226 2532 304 2571 etc.
707 2585 768 2632 29
805 2595 847 2613 z
887 2586 1044 2645 12'14·
1637 2549 1717 2592 475

253 2675 507 2724 Hippophyes
550 2683 688 2725 neque
739 2669 1004 2725 hippophaes
1049 2684 1072 2710 e
1123 2668 1315 2709 codicum
1360 2668 1608 2722 corruptelis

143 2750 383 2804 (hippophes
422 2749 470 2792 R.
519 2753 711 2801 hippopes
745 2751 782 2791 Θ
813 2747 851 2787 V
882 2747 934 2800 d,
981 2751 1230 2800 hippophyes
1272 2746 1482 2799 Mul-bac.)
1532 2745 1610 2786 hoc

138 2828 230 2869 1000
262 2827 513 2869 eliciendum
543 2841 638 2869 esse
671 2831 708 2880 ξ.
739 2827 794 2870 30
822 2826 1156 2879 demonstratur,
1202 2826 1273 2866 ubi
1312 2826 1364 2867 ab
1410 2831 1611 2880 equorum

1319 2904 1379 2946 8*
