1914 3237
294 127 350 168 66
911 122 1043 165 Liber
1069 123 1156 167 IV.

367 249 509 299 aliam
550 263 661 294 esse
697 262 805 294 eam
853 253 902 294 et
937 253 1107 296 contra
1134 245 1437 296 Lusitaniam
1472 246 1768 294 arbitrentur

367 338 639 401 eodemque
670 336 863 384 nomine
900 338 1192 401 quondam
1222 336 1287 385 ibi
1325 337 1584 401 appellant.

417 438 538 479 Duas
577 450 680 479 esse
719 436 886 478 insulas
924 437 1046 478 circa
1075 437 1223 478 Baetis
1263 438 1377 478 ostia
1405 443 1556 478 narrat
1587 435 1769 484 Plinius,

302 530 485 572 quarum
516 516 699 556 alteram
725 528 751 556 a
773 515 932 555 Poenis
965 514 1116 565 Gadir,
1148 515 1332 557 alteram
1361 516 1588 571 Erythiam
1619 511 1770 568 appel-

302 595 396 637 lari.
455 595 542 635 lam
573 593 691 634 initio
721 593 831 634 satis
865 594 1010 635 mirari
1040 608 1228 649 nequeo,
1259 609 1337 635 cur
1350 593 1456 644 Sin,
1485 608 1614 648 quum
1646 606 1771 647 egre·

304 674 418 729 giam
451 673 634 715 Pintiani
665 672 1015 714 emendationem
1046 671 1283 730 aboriqines
1320 687 1400 728 pro
1431 672 1630 714 codicum
1660 671 1774 712 scri-

304 760 433 806 ptura
468 750 521 791 ab
560 751 722 806 origine
762 764 859 791 cum
897 751 1123 793 Harduino
1167 753 1437 806 recepisset,
1479 764 1577 792 cum
1618 749 1773 790 eodem

305 830 608 872 necessarium
637 844 824 884 prorsus
855 830 1139 871 coniecturae
1171 829 1284 870 illius
1321 827 1672 883 supplementum
1701 842 1771 868 ea-

306 924 403 949 rum
444 922 471 949 a
510 907 726 949 Salmasio
771 922 810 961 p.
838 907 931 949 284.
968 908 1294 962 suppeditatum
1334 906 1632 962 spernendum
1673 918 1777 947 esse

307 987 492 1030 duxerit.
551 985 729 1026 Minime
758 986 872 1026 enim
904 986 958 1027 de
992 985 1255 1038 Poenorum,
1285 987 1402 1041 quod
1432 985 1566 1027 voluit
1593 985 1777 1027 Hardui-

307 1079 404 1115 nus,
437 1063 740 1105 conditoribus
771 1076 918 1105 sermo
951 1072 1033 1105 est.
1090 1063 1202 1105 Nam
1232 1065 1287 1106 ab
1318 1065 1427 1119 ipsis
1458 1064 1604 1120 Tyriis
1635 1077 1778 1119 neque

308 1157 415 1185 vero
447 1157 472 1183 a
505 1141 662 1183 Poenis
689 1141 858 1182 insulas
890 1140 1072 1195 primum
1102 1140 1321 1183 habitatas
1352 1155 1454 1183 esse
1486 1157 1572 1184 uno
1603 1157 1681 1184 ore
1711 1143 1779 1184 lo—

308 1228 497 1277 quuntur
526 1228 736 1262 auctores
765 1226 944 1262 veteres
975 1220 1060 1260 iam
1092 1234 1118 1260 a
1148 1220 1366 1262 Saimasio
1398 1219 1573 1263 laudati.
1632 1221 1780 1276 Atque

307 1301 450 1356 ipsum
491 1299 762 1341 Harduinum
805 1312 957 1338 earum
993 1298 1292 1353 praelaturum
1333 1299 1471 1341 fuisse
1515 1312 1780 1354 persuasum

307 1379 467 1428 habeo,
493 1379 531 1420 si
560 1377 744 1433 legisset
771 1377 902 1421 codd.
935 1375 1032 1417 AR
1062 1391 1216 1417 eurum
1251 1379 1276 1418 d
1310 1392 1460 1418 earum
1489 1378 1671 1420 habere.

419 1457 640 1499 Enuntiati
670 1455 801 1498 finem
829 1456 889 1497 ita
918 1460 964 1496 ut
992 1469 1131 1510 supra
1160 1455 1319 1512 legitur
1350 1456 1545 1499 exhibuit
1574 1457 1784 1514 Silligius,

308 1549 418 1578 sane
457 1549 482 1577 e
522 1535 732 1576 librorum
763 1535 874 1576 Mss.
912 1532 1025 1584 fide,
1064 1548 1165 1575 nam
1203 1535 1321 1590 quod
1357 1535 1398 1576 R
1431 1536 1565 1578 habet
1601 1536 1785 1577 condam

311 1614 466 1656 eodem
492 1613 620 1663 redit,
650 1613 732 1654 sed
764 1612 919 1667 quovis
950 1625 1088 1653 sensu
1118 1621 1356 1654 carentem.
1396 1614 1538 1662 Quum
1556 1615 1668 1656 enim
1684 1627 1784 1670 par-

311 1692 444 1734 ticula
485 1691 703 1753 quondam
736 1691 792 1733 ad
823 1698 995 1744 tempus
1031 1689 1206 1746 aliquod
1237 1691 1587 1747 praeterlapsum
1619 1691 1786 1734 refera-

312 1785 422 1821 mur,
453 1770 654 1825 proximo
687 1770 826 1811 verbo
859 1769 914 1809 ad
948 1767 1088 1822 ipsius
1116 1771 1352 1824 scriptoris
1383 1779 1572 1812 aetatem
1589 1771 1788 1812 iubemur

313 1850 481 1899 redire,
525 1850 598 1903 qui
642 1847 797 1890 librum
829 1860 856 1888 a
885 1846 1127 1901 Pomponio
1158 1847 1277 1890 Mela
1309 1863 1450 1904 nuper
1490 1850 1787 1903 conscriptum

314 1934 415 1970 ante
445 1927 603 1968 oculos
634 1926 845 1968 habuisse
876 1926 1096 1979 putandus
1130 1934 1210 1968 est.
1267 1927 1401 1969 Libro
1434 1928 1547 1970 enim
1577 1928 1646 1970 111.
1676 1941 1713 1968 c.
1742 1926 1785 1971 6.

315 2007 434 2048 Mela
464 2006 536 2047 ubi
568 2019 592 2046 e
623 2003 819 2059 plurimis
853 2003 1006 2045 insulis
1039 2003 1237 2046 Gadibus
1268 2019 1457 2048 exorsus
1491 2006 1787 2048 nobilissimas

317 2086 541 2136 describit,
573 2085 757 2126 alteram
788 2095 815 2123 a
841 2082 1040 2125 Gadibus
1071 2083 1113 2124 in
1141 2084 1370 2126 Lusitania
1389 2084 1615 2139 Erythiam
1646 2092 1787 2127 vocat.

319 2165 564 2213 Quamnam
584 2161 857 2217 potissimum
880 2160 995 2203 inter
1023 2161 1177 2216 plures
1194 2163 1250 2204 ibi
1267 2163 1376 2204 sitas
1395 2162 1628 2218 significet,
1658 2176 1788 2218 quae·

318 2257 419 2286 rere
451 2241 615 2285 distulit
646 2239 829 2289 Plinius,
871 2239 1060 2294 aliquam
1092 2241 1325 2283 etiamnum
1359 2255 1462 2283 esse
1491 2241 1689 2291 tradidit,
1727 2241 1789 2281 id-

322 2335 407 2378 que
424 2321 563 2364 Solini
583 2319 734 2362 verbis
757 2317 1056 2370 confirmatur,
1073 2320 1145 2375 qui
1164 2320 1262 2361 dum
1282 2320 1467 2361 eandem
1486 2319 1789 2374 quaestionem

322 2401 480 2455 agitat,
523 2397 748 2452 praesenti
803 2404 1004 2450 tempore
1049 2397 1181 2439 utitur
1223 2398 1498 2439 Lusitaniam
1546 2402 1788 2440 contuetur.

323 2480 464 2520 Recte
495 2478 624 2532 igitur
651 2476 740 2518 Sill.
769 2475 991 2530 vulgatam
1019 2475 1254 2518 lectionem
1290 2476 1508 2538 quondam
1533 2473 1791 2535 appellatam

325 2557 528 2599 codicum
557 2563 791 2609 praeterea
819 2555 1068 2596 auctoritati
1098 2556 1363 2597 contrariam
1394 2554 1582 2610 reliquit,
1622 2566 1790 2594 verum-

326 2645 472 2679 tamen
503 2643 589 2677 tum
618 2634 898 2677 scribendum
932 2633 971 2674 ei
1001 2632 1100 2674 suit:

382 2715 498 2757 Sunt
526 2715 600 2775 qui
628 2713 759 2753 aliam
788 2726 876 2752 esse
905 2726 1000 2751 eam
1028 2717 1070 2752 et
1098 2717 1249 2752 contra
1277 2711 1548 2752 Lusitaniam
1579 2707 1791 2749 arbitren-

385 2800 467 2842 mr,
499 2790 728 2851 eodemque
753 2791 924 2832 nomme
952 2789 1210 2847 quandam
1242 2787 1300 2827 ibi
1329 2786 1554 2842 appellant.
