1914 3237
726 169 841 208 hiber
870 167 1035 206 XXIX.
1538 161 1616 204 175

156 298 295 340 lictam
330 311 426 339 esse
455 298 595 349 miror,
625 295 678 338 cf.
708 294 912 337 XXVIII.
944 296 1036 338 153.
1067 296 1102 349 ξ.
1133 294 1187 338 68
1217 294 1304 335 VR
1332 295 1518 344 referret,
1555 305 1616 332 re-

152 379 254 426 feret
284 380 398 417 recte
429 375 677 417 Gronovius.

747 454 808 500 74
831 471 871 488 =
894 453 1018 508 423.
1649 441 1731 486 640

230 541 429 601 (Cetera
453 544 722 599 venenata)
762 539 920 604 perire
955 538 1256 587 conscientia
1285 537 1510 586 dicuntur
1533 537 1623 586 ho-

223 629 350 678 mine
385 643 622 693 percusso
677 641 837 691 neque
875 626 1080 692 amplius
1118 626 1304 675 admitti
1357 625 1420 673 ad
1454 629 1622 682 terras,

223 716 531 765 salamandra
564 714 651 765 rel.

269 804 478 845 Pluralem
517 816 738 844 numerum
784 803 974 857 ineptum
1015 815 1109 842 esse
1155 805 1197 842 et
1236 801 1404 856 reipsa
1455 804 1496 840 et
1532 799 1624 840 loco

163 883 288 924 simili
317 883 370 924 ΙΙ.
403 883 479 924 155
512 881 731 922 docemur:
769 890 911 921 terram
941 884 1056 920 recte
1088 878 1289 920 exhibent
1311 878 1368 919 Rl
1390 877 1486 931 Td3
1518 886 1628 918 terra

161 960 200 1001 V
231 969 360 1000 terras
389 959 460 1001 R2.
500 959 669 1000 Scilicet
698 959 738 999 in
771 958 999 1013 archetypo
1031 957 1170 998 fuerat
1192 964 1315 1009 terra,
1346 955 1459 1012 quod
1489 956 1626 1011 ipsum

27 1069 33 1071 Δ
160 1039 365 1079 retinetur
394 1037 436 1078 in
464 1036 524 1090 V;
555 1036 613 1076 R2
638 1050 661 1077 e
690 1037 909 1092 proximae
938 1036 1053 1076 vocis
1084 1034 1203 1075 initio
1236 1039 1457 1089 corruptus
1489 1038 1564 1074 est.

0 1108 1 1173 ξ
505 1117 569 1164 84
590 1131 643 1150 =
665 1118 774 1173 427
816 1115 905 1176 (de
944 1112 1267 1179 phalangiis).
1656 1129 1735 1172 641

0 1176 2 1206 ι
227 1202 544 1251 Inveniuntur
589 1207 635 1251 et
685 1203 895 1253 cortices
947 1218 1114 1252 eorum
1162 1202 1244 1266 qui
1284 1201 1379 1250 triti
1432 1205 1479 1249 et
1527 1199 1629 1264 poti

228 1290 510 1351 medentum
557 1291 810 1352 [mustelae
849 1290 1017 1349 catuli,
1056 1295 1106 1340 ut
1141 1290 1350 1339 diximus
1387 1287 1566 1353 supra]

274 1378 321 1419 V.
354 1382 529 1420 diximus
560 1380 681 1421 abest
711 1393 735 1420 a
764 1379 880 1420 libris
911 1378 1045 1432 MSS,
1075 1392 1183 1434 quae
1222 1381 1449 1433 supersunt
1479 1375 1630 1417 abesse

163 1456 386 1499 debebant.
444 1458 606 1498 Plinius
656 1458 768 1498 enim
816 1471 952 1512 neque
991 1471 1119 1512 supra
1156 1458 1181 1498 i.
1221 1470 1256 1499 e.
1299 1457 1335 1510 ἓ,
1365 1456 1420 1500 60
1468 1454 1629 1496 catulos

165 1534 440 1576 mustelarum
471 1541 617 1577 contra
655 1535 884 1590 phalangia
914 1535 1054 1576 valere
1084 1534 1258 1576 tradidit
1287 1547 1426 1589 neque
1458 1532 1630 1574 eosdem

167 1614 203 1666 ἓ.
234 1613 288 1655 88
327 1612 426 1654 alibi
458 1628 483 1654 a
530 1627 575 1654 se
607 1618 957 1654 commemoratos
988 1626 1082 1654 esse
1118 1613 1199 1653 nisi
1250 1613 1306 1665 ‚in
1336 1610 1631 1667 serpentibus‘.

165 1690 258 1738 Quo
288 1695 467 1746 utroque
499 1697 747 1746 argumento
779 1691 969 1744 efficitur,
1007 1691 1046 1732 h.
1078 1692 1101 1732 l.
1133 1692 1175 1731 in
1206 1690 1444 1746 phalangiis
1476 1688 1631 1730 descri-

165 1769 313 1810 bendis
344 1770 502 1811 nullam
525 1783 669 1811 eorum
698 1771 957 1811 mentionem
987 1770 1089 1813 fieri.
1120 1769 1299 1810 Accedit
1315 1768 1428 1824 quod
1457 1767 1631 1810 verbum

164 1861 216 1888 ne
244 1847 405 1888 Plinius
436 1848 605 1904 quidem
636 1849 758 1890 facile
790 1849 1013 1890 omisisset.
1043 1848 1158 1889 Nihil
1188 1848 1314 1903 igitur
1345 1850 1477 1888 restat
1506 1858 1631 1900 quam

163 1931 209 1966 ut
244 1926 454 1981 quomodo
495 1927 625 1968 verba
662 1927 1025 1982 importunissima
1052 1927 1149 1967 huic
1190 1927 1454 1981 potissimum
1487 1923 1631 1965 sensui

166 2004 349 2045 adscribi
387 2005 601 2059 potuerint
631 2004 982 2046 demonstremus.
1041 2004 1171 2046 Cuius
1202 2006 1353 2046 erroris
1387 2004 1504 2059 origo
1548 2016 1631 2043 non

161 2087 248 2123 tam
278 2097 303 2123 a
333 2096 471 2123 rerum
502 2082 684 2138 quadam
718 2084 965 2125 confusione
1000 2097 1126 2138 quam
1157 2083 1209 2124 ab
1241 2082 1457 2137 archetypi
1489 2081 1629 2136 specie

160 2160 394 2216 repetenda
424 2167 500 2201 est.
559 2161 697 2208 Quum
730 2163 841 2202 enim
875 2162 911 2214 ξ.
943 2161 997 2203 88
1039 2161 1179 2202 verbis
1224 2160 1445 2212 ,mustelae
1476 2159 1629 2211 catulo,

159 2244 205 2280 ut
234 2239 276 2279 in
309 2238 573 2293 serpentibus
604 2239 760 2279 dictum
791 2241 869 2280 est‘
908 2239 951 2279 in
982 2239 1172 2293 margine
1203 2238 1369 2280 rubrica
1407 2237 1628 2290 ,mustelae

159 2316 301 2369 catuli,
330 2321 377 2357 ut
407 2318 548 2371 supra‘
585 2316 731 2358 addita
761 2322 894 2370 esset,
942 2316 1099 2358 factum
1131 2323 1194 2358 est
1224 2322 1269 2358 ut
1306 2331 1436 2358 unum
1466 2320 1627 2372 protar-

160 2393 329 2449 chetypi
358 2393 506 2434 folium
530 2394 837 2449 quinquaginta
865 2409 1064 2436 versuum
1102 2396 1172 2451 qui
1201 2395 1288 2436 fere
1319 2395 1433 2436 mille
1463 2400 1626 2436 trecen-

158 2477 223 2513 tas
255 2477 327 2513 aut
357 2472 687 2527 quadringentas
719 2473 881 2514 litteras
913 2474 1187 2515 continebant
1212 2471 1628 2529 (MCCGXXIIIlit-

158 2556 272 2592 teras
330 2551 571 2605 numeravi)
632 2551 791 2592 librarii
835 2565 976 2594 errore
1014 2566 1108 2594 cum
1129 2553 1277 2594 >altero
1317 2555 1629 2607 permutaretur

157 2630 339 2686 indeque
362 2630 399 2685 ὃ.
417 2630 469 2673 84
500 2629 728 2671 adderetur
757 2629 888 2671 index
917 2630 987 2685 qui
1018 2631 1072 2672 ad
1102 2633 1139 2686 §.
1158 2631 1211 2674 88
1239 2631 1491 2686 pertinebat.

389 2714 452 2761 86
480 2712 723 2762 :ibidem
765 2711 853 2774 (de
890 2710 1140 2778 phalangii
1176 2712 1391 2777 specie).
1659 2739 1739 2783 (342

222 2799 439 2850 Vocatur
474 2808 521 2852 et
556 2802 764 2867 rhagion
803 2803 943 2852 acino
980 2803 1120 2867 nigro
1160 2801 1345 2852 similis,
