1914 3237
715 191 836 230 Liber
865 191 981 230 XIX.
1523 185 1576 230 89

116 320 240 360 miter
270 319 521 370 sustinetur,
562 323 608 360 ut
638 318 823 359 nesciam
856 318 954 373 quid
995 320 1140 359 Ianum
1172 318 1374 368 moverit,
1431 320 1478 356 ut
1523 315 1576 357 ad

118 398 333 453 vulgatam
366 397 588 438 lectionem
619 399 811 436 [isizodoro
843 396 1011 447 rediret,
1043 410 1136 437 cum
1168 410 1310 436 rursus
1338 396 1442 436 alter
1460 394 1577 435 locus

58 474 61 476 ’
118 475 328 530 Theophr.
375 474 426 514 de
471 488 584 515 caus.
629 475 681 529 pl.
714 474 763 516 V.
795 475 858 516 15,
891 476 915 516 5
960 487 1012 514 ex
1054 474 1124 514 illo
1172 474 1446 528 corrigendus
1491 486 1585 513 esse

119 552 321 595 videatur.

666 659 756 706 179
793 685 846 703 :
887 658 1040 714 10‚58.
1614 687 1696 728 418

186 743 449 792 remedium
508 748 581 792 est
626 743 834 808 apsinthi
886 759 1034 792 sucus
1084 744 1274 793 decocti
1330 744 1584 807 inspersus

187 831 265 881 vel
302 831 408 881 sedi
429 841 587 898 [quani
609 832 824 895 ιὶείςωου
848 836 1076 898 vocant];
1112 847 1272 897 genus
1288 831 1384 881 hoc
1402 832 1584 882 herbae

186 921 411 969 diximus,

230 1008 296 1049 Ex
326 1007 521 1062 Apuleio,
554 1022 678 1063 quem
709 1007 923 1050 codicibus
955 1013 1049 1050 utut
1075 1009 1270 1050 vitiosum
1302 1021 1352 1049 eo
1371 1012 1588 1064 praestare

121 1086 312 1138 arbitror,
345 1086 542 1141 quoniam
573 1086 758 1127 melioris
789 1086 975 1128 familiae
1005 1087 1138 1128 instar
1170 1092 1254 1140 est,
1298 1086 1587 1141 reponendum

120 1169 186 1206 est
216 1168 254 1205 in
283 1167 456 1205 remedio
487 1172 563 1217 est,
605 1178 713 1219 quae
745 1166 869 1206 lectio
900 1165 967 1206 hic
997 1165 1147 1220 Silligii
1178 1164 1438 1220 diligentiam
1468 1163 1589 1219 fugit,

121 1241 274 1284 deinde
303 1242 532 1283 videndum
571 1242 790 1283 relativum
825 1257 941 1294 quam
972 1257 1054 1299 quo
1084 1242 1314 1295 referatur,
1353 1256 1505 1297 nempe
1536 1241 1589 1283 ad

121 1336 158 1362 v.
179 1325 340 1373 herbae,
370 1320 618 1362 femininum
638 1321 747 1361 enim
768 1335 902 1376 genus
920 1335 1127 1377 nusquam
1138 1322 1587 1376 praetereareperitur.

120 1399 239 1440 Haec
270 1400 397 1454 igitur
435 1399 565 1440 verba
594 1413 710 1450 quom
744 1422 791 1426 ⁷⁷-
824 1408 967 1440 vocam
1006 1399 1104 1440 olim
1145 1413 1272 1455 super
1300 1412 1404 1440 voce
1443 1402 1590 1439 herbae

122 1478 276 1532 scripta
306 1483 578 1532 praepostero
610 1478 701 1518 loco
742 1478 902 1518 inserta
934 1483 1040 1518 sunt.
1100 1477 1220 1525 Quae
1253 1492 1379 1533 quum
1412 1477 1466 1518 ad
1496 1491 1588 1518 sen-

121 1556 297 1596 tentiam
328 1569 498 1610 prorsus
538 1556 621 1596 sint
651 1569 987 1611 supervacanea,
1031 1556 1198 1610 glossae
1229 1556 1486 1598 interlineari
1518 1556 1589 1597 de-

121 1633 211 1673 beri
250 1632 466 1685 videntur,
511 1647 635 1688 quam
680 1634 874 1675 librarius
918 1647 1000 1675 non
1040 1634 1234 1675 indoctus
1267 1648 1289 1675 e
1319 1634 1479 1676 XVIII.
1510 1633 1590 1677 159

120 1711 377 1765 repetiverit.
437 1711 551 1752 Vitia
589 1713 807 1767 proximae
839 1713 1037 1753 sectionis
1077 1713 1159 1753 iam
1193 1712 1415 1754 Pintianus
1448 1725 1589 1753 emen·

123 1789 250 1830 davit.

661 1870 750 1917 185
786 1884 838 1903 =
880 1871 1032 1927 1260.
1615 1875 1697 1919 419

188 1954 322 2015 Quae
360 1962 469 2004 sunt
508 1962 553 2004 el
589 1956 846 2015 silvestria,
886 1957 1057 2006 eadem
1096 1958 1141 2005 in
1182 1957 1348 2006 sativis
1381 1958 1588 2008 sicciora

183 2043 532 2108 intelleguntur
570 2049 616 2092 et
651 2045 851 2094 acriora.

201 2132 265 2172 Ita
295 2130 381 2173 Sill,
414 2144 466 2172 ex
499 2145 522 2172 a
555 2146 576 2173 c
611 2138 677 2176 (et
708 2132 871 2173 Gelenii
903 2132 1164 2185 codicibus),
1196 2133 1323 2173 Ianus
1357 2132 1409 2173 ad
1439 2133 1585 2187 vulga-

118 2213 204 2250 tam
250 2209 372 2250 codd.
413 2209 495 2250 Td
540 2210 827 2251 confirmatam
874 2211 1025 2251 tacitus
1071 2210 1194 2251 rediit
1237 2211 1513 2266 voculanique
1554 2220 1590 2252 el

117 2291 231 2328 recte
251 2288 402 2329 omisit.
435 2286 603 2328 Scilicet
628 2290 809 2328 virorum
840 2288 1055 2329 doctorum
1078 2301 1216 2340 nemo,
1248 2288 1281 2328 si
1307 2288 1422 2329 illum
1443 2289 1586 2330 nescio

119 2377 242 2419 quem
276 2365 513 2419 exceperis,
553 2366 623 2420 qui
656 2365 765 2420 apud
798 2366 1118 2422 Dalecampium
1162 2370 1298 2407 iisdem
1330 2367 1586 2422 coniecit*),

119 2441 244 2482 Plinii
274 2447 458 2483 mentem
490 2444 717 2498 perspexit.
750 2443 844 2484 Hoc
875 2444 985 2484 enirn
1017 2444 1116 2486 dicit
1146 2445 1322 2498 Plinius,
1352 2459 1445 2486 cum
1478 2446 1585 2486 eius-

119 2519 214 2560 dem
248 2521 415 2575 generis
447 2526 488 2562 et
520 2522 681 2562 sativae
723 2527 764 2562 et
796 2522 1010 2563 silvestres
1042 2527 1230 2575 exstent,
1272 2523 1348 2565 has
1388 2524 1584 2565 sicciores

118 2602 160 2639 et
191 2599 372 2640 acriores
404 2612 509 2640 esse.
542 2598 663 2646 Quod
696 2614 718 2641 e
748 2600 886 2641 verbis
916 2600 1196 2656 Theophrasti
1228 2601 1320 2643 VII.
1352 2602 1388 2645 6.
1423 2604 1442 2643 1
1477 2616 1584 2657 quae

191 2690 230 2733 ³³)
264 2694 412 2724 Veterem
459 2693 553 2724 enim
582 2691 803 2735 Dalecampii
845 2691 1005 2725 codicem
1051 2694 1108 2736 qui
1144 2703 1164 2725 a
1191 2693 1264 2726 Sill.
1294 2694 1336 2726 K.
1366 2697 1582 2732 nominatur,

259 2761 397 2794 nullum
425 2772 505 2794 esse
533 2762 599 2794 iam
631 2762 654 2795 l.
683 2772 715 2805 p.
748 2762 814 2797 148
840 2764 1081 2806 pronuntiavi.
1108 2772 1139 2796 et
1165 2768 1283 2797 antem
1314 2765 1346 2799 in
1377 2767 1417 2799 M.
1445 2767 1467 2800 i,
1497 2776 1524 2798 e.
1546 2767 1581 2801 in

259 2831 337 2864 cod.
368 2831 502 2864 (luiacii
533 2831 626 2867 (Eos
656 2831 694 2865 ΙΙ.
727 2844 758 2875 p.
787 2832 876 2873 356)
907 2832 1030 2867 defuit.
