1914 3237
768 184 882 224 Liber
912 185 1029 225 XVI.
1571 179 1626 224 27¹

226 310 349 378 inter
386 326 439 359 se
490 317 533 360 et
582 328 689 361 cuni
733 310 840 359 aliis
889 312 1190 361 insociabilia
1227 311 1440 377 glutino,
1501 310 1624 360 sicut

230 401 398 456 robur,
446 415 538 447 nec
572 400 671 447 fere
710 398 972 448 cohaerent
1013 400 1099 447 nisi
1140 399 1311 448 similia
1350 406 1539 457 natura,
1579 404 1627 447 ut

231 486 269 535 si
308 486 415 549 quis
450 485 661 550 lapidem
699 485 983 550 lignumque
1022 487 1288 551 coniungit.

270 572 600 614 Vexatissimum
624 576 761 615 locum
782 576 909 617 Ianus
936 575 1086 629 partim
1104 574 1439 627 interpunctione
1465 580 1628 615 mutata

161 652 355 703 correxit,
382 665 479 692 nam
495 653 726 693 rectissime
745 667 770 694 a
788 668 823 694 v.
837 657 1032 703 quaedam
1050 667 1205 694 novum
1233 666 1402 693 sensum
1434 652 1627 704 instituit,

161 729 312 783 partim
351 735 590 783 corruptum
637 731 813 787 reliquit.
873 731 1057 772 Primum
1103 732 1213 772 enim
1258 744 1387 772 causa
1425 744 1509 771 non
1550 735 1628 782 est,

161 821 234 848 cur
256 807 448 849 codicum
458 808 577 849 MSS.
594 809 717 850 lectio
734 814 942 859 (slulinalz'o
956 810 1188 861 deseratur,
1221 809 1373 850 deinde
1393 809 1433 849 in
1451 808 1534 849 fine
1553 822 1628 863 pro

160 889 235 926 alsi
263 890 406 926 similia
439 887 706 928 scribendum
740 893 803 928 est
834 887 1378 928 dissimiliautconcinnitati
1393 891 1629 928 structurae

162 965 406 1006 consulatur
423 966 630 1021 simulque
641 965 922 1020 Theophrasti
935 965 982 1007 V.
995 967 1032 1009 7.
1046 966 1071 1008 2
1083 966 1212 1007 verba
1229 966 1299 1007 δεῖ
1313 965 1361 1007 δὲ
1373 963 1628 1019 ὁμοιοπαθῆ

158 1041 271 1084 εἶναι
290 1044 343 1083 τὰ
358 1045 573 1096 μέλλοντα
607 1045 890 1098 συμφύεσθαι
920 1048 993 1086 καὶ
1022 1044 1078 1099 μὴ
1109 1041 1289 1086 ἐναντία
1317 1046 1629 1099 καθαπερανεὶ

158 1120 287 1161 λίθον
317 1124 390 1162 καὶ
420 1121 551 1170 ξύλον
582 1124 818 1163 accuratius
852 1123 1152 1177 exprimantur.
1184 1122 1248 1162 Ne
1266 1122 1324 1162 sic
1344 1121 1513 1177 quidem
1534 1133 1627 1176 per-

160 1203 334 1238 sanatus
356 1204 420 1239 est
447 1198 576 1241 locus.
608 1200 717 1240 Nam
734 1214 860 1242 voces
881 1208 917 1241 et
936 1206 1070 1252 crispa
1098 1214 1202 1256 quas
1233 1202 1359 1241 Ianus
1380 1201 1440 1241 ita
1461 1199 1630 1240 divulsit

159 1282 205 1317 ut
235 1291 308 1331 pro
338 1285 373 1317 et
391 1278 595 1319 scriberet
626 1287 693 1331 est,
724 1284 856 1330 crispa
890 1284 1031 1320 autem
1062 1279 1116 1320 ad
1148 1279 1326 1320 alterum
1358 1292 1530 1319 sensum
1561 1291 1630 1318 re-

158 1354 298 1409 ferret,
318 1356 535 1410 pariterac
559 1362 750 1398 lacunosa
782 1362 998 1398 sumu'neae
1021 1371 1152 1398 venae
1173 1361 1453 1412 opponuntur.
1484 1358 1629 1411 Itaque

159 1436 426 1477 scribendum
459 1438 555 1478 erit:
616 1440 798 1487 quoniam
830 1441 1023 1476 (ammosa
1053 1443 1090 1475 et
1120 1440 1255 1487 erispa
1287 1440 1323 1476 in
1356 1439 1458 1476 omni
1488 1448 1630 1486 qenere

157 1519 346 1566 ylitlinum
377 1518 576 1556 abdicant.
638 1518 844 1568 Quaedam
874 1515 946 1555 rel.

270 1596 304 1647 ς’.
337 1596 416 1635 22&
477 1594 694 1648 vulgatam
733 1593 959 1634 lectionem
992 1595 1183 1643 flexibilis
1214 1592 1369 1646 probo,
1414 1591 1629 1647 proximas

161 1671 351 1712 codicum
384 1672 545 1712 litteras
574 1677 654 1712 uim
696 1672 782 1712 Sill.
813 1670 1022 1726 probabili
1054 1671 1297 1711 coniectura
1327 1670 1367 1710 in
1399 1674 1466 1710 cm‘
1494 1676 1629 1711 muta-

160 1751 234 1803 vit,
266 1751 346 1790 nisi
376 1750 484 1791 forte
517 1763 538 1790 e
572 1749 1180 1804 praecedentiumrepetitione
1213 1754 1329 1789 ortae
1361 1752 1466 1788 sunt.
1500 1748 1628 1802 §.251

159 1837 342 1869 secemnr
371 1829 524 1870 malini.

685 1909 779 1956 ‘233
841 1926 861 1943 -·
906 1908 981 1963 43,
1017 1909 1094 1955 84.

224 1994 368 2044 Modo
428 1994 616 2043 luxuria
671 2011 766 2044 non
820 1994 974 2043 fuerat
1030 1998 1259 2043 contenta
1312 1993 1474 2057 ligno;
1535 1994 1626 2042 iani

225 2082 405 2147 lignum
445 2083 536 2131 emi
572 2083 818 2132 testudine
857 2082 982 2131 facit.

268 2171 334 2213 Ita
364 2186 385 2212 e
416 2171 560 2212 codice
591 2185 614 2211 a
640 2171 739 2223 Sili„
767 2176 863 2210 enim
896 2184 916 2210 e
945 2170 1033 2210 Ian.
1066 2183 1088 2210 e
1120 2168 1241 2210 codd.
1261 2167 1628 2222 TdssHm—duinum

159 2253 349 2303 secutus,
383 2250 449 2291 cui
480 2255 622 2291 tamen
653 2250 744 2304 ipsa
776 2262 826 2289 ea
856 2248 980 2289 lectio
1013 2247 1245 2302 displicuit,
1283 2252 1328 2288 ut
1361 2251 1474 2287 etiam
1513 2247 1626 2288 coni-

159 2331 284 2367 ceret.
341 2328 398 2367 At
439 2341 538 2368 vero
570 2332 643 2368 aut
680 2328 795 2368 nulla
827 2331 899 2368 aut
941 2326 1210 2367 adversativa
1247 2325 1455 2380 particula
1492 2325 1627 2380 requi-

159 2405 263 2444 ritur
293 2418 401 2459 quae
423 2418 622 2459 magnam
652 2419 814 2446 morum
844 2405 1216 2446 commutationem
1246 2403 1402 2444 factam
1428 2416 1523 2443 esse
1556 2402 1626 2443 de-

159 2482 301 2522 claret.
362 2482 594 2523 Praeterea
645 2497 738 2523 cum
770 2483 895 2524 modo
939 2483 1100 2523 Plinius
1138 2482 1398 2534 narraverit,
1446 2481 1626 2521 Neronis

158 2565 298 2601 aetate
342 2560 596 2601 testudinem
644 2574 751 2616 quae
798 2561 958 2615 lignum
1018 2561 1252 2601 imitaretur
1295 2563 1426 2611 pluris
1484 2563 1626 2611 venire,

160 2651 287 2692 aegre
318 2651 420 2678 voce
452 2638 664 2679 contraria
702 2642 776 2679 emz'
804 2651 1009 2679 caremus.
1060 2638 1209 2693 Neque
1241 2644 1381 2678 tamen
1412 2637 1626 2678 testudine

159 2714 234 2756 sed
264 2719 301 2756 in
331 2720 523 2758 testudine
552 2717 712 2771 lignum
745 2715 986 2768 emebatur,
1032 2730 1141 2772 quae
1186 2717 1442 2771 praepositio
1479 2716 1625 2758 ultima

160 2792 277 2834 verbi
305 2794 449 2836 littera
479 2794 681 2848 absorpta
711 2800 786 2836 est.
