1914 3237
720 170 832 211 Liber
874 166 1080 210 XXVIII.
1549 162 1630 208 159

166 299 372 342 intellexi.
429 299 579 355 Neque
608 304 750 340 tamen
787 299 878 340 cod.
911 299 950 339 V
996 312 1046 341 ac
1074 312 1128 340 ne
1155 299 1293 354 ipsum
1337 297 1506 354 quidem
1537 295 1629 338 cod.

168 376 194 418 d
225 377 582 419 contemnendum
615 390 709 418 esse
740 375 837 417 inde
868 380 1057 431 apparet,
1089 376 1201 431 quod
1230 377 1274 417 in
1294 376 1505 417 nonnullis
1528 376 1630 417 locis

164 455 293 497 veluti
323 456 360 509 ξ.
380 455 434 498 50
463 468 609 495 omnes
639 454 733 495 libri
762 453 973 495 erroribus
1004 467 1057 495 ex
1089 453 1317 509 archetypo
1347 455 1536 509 repetitis
1567 454 1628 494 in-

163 533 324 588 quinati
355 537 465 573 sunt.
524 531 712 573 Adhibui
742 532 870 573 etiam
899 531 994 572 libri
1026 531 1386 588 Luciliburgensis
1415 540 1563 587 <quem
1593 531 1629 573 E

162 609 353 665 appello)
388 623 481 651 eam
512 614 698 665 partem,
750 624 875 666 quam
905 624 944 651 v.
977 609 1015 650 d.
1047 609 1202 651 Michel
1242 610 1284 650 in
1317 616 1630 665 programmate

159 687 371 729 Athenaei
402 687 580 730 Lucilib.
607 702 642 730 a.
675 689 782 732 1865
813 687 926 729 edito
969 687 1192 743 diligenter
1223 689 1418 740 contulit,
1465 689 1544 729 etsi
1576 688 1628 729 ad

161 764 341 806 eandem
372 765 459 807 fere
489 766 692 808 familiam
732 765 1001 807 referendum
1032 779 1126 807 esse
1157 766 1369 819 intellexi,
1415 765 1470 807 ad
1503 779 1628 821 quam

157 842 236 884 Td
270 844 506 899 pertinent,
539 844 591 887 cf.
626 844 711 887 Eos
742 844 796 886 II.
829 859 866 900 p.
898 844 990 888 354.
1026 870 1066 915 .

767 926 795 973 4
832 942 884 961 =
925 926 1014 981 1,2.
1658 950 1737 994 593

223 1010 516 1079 Incipiemus
553 1016 715 1061 autem
762 1011 822 1061 ab
866 1010 1063 1062 homine
1116 1011 1277 1076 ipsum
1322 1011 1413 1062 sibi
1457 1013 1629 1077 exqui-

221 1101 402 1148 rentes,

266 1185 477 1234 Quorsum
508 1201 544 1227 V.
577 1191 702 1238 ipsum
733 1186 957 1228 referenda
988 1187 1063 1240 sit,
1107 1201 1191 1228 non
1222 1187 1359 1242 video,
1392 1188 1474 1230 nisi
1502 1189 1628 1244 parti-

157 1264 254 1320 cipii
284 1276 429 1306 casum
460 1265 504 1306 in
534 1270 768 1316 exquirente
790 1265 1030 1306 mutaveris.
1062 1266 1097 1320 ἓ.
1118 1268 1141 1308 5
1160 1279 1282 1317 usque
1311 1266 1423 1322 quod
1452 1266 1627 1307 inlibris

158 1355 183 1383 a
214 1341 301 1386 Sill.
334 1343 497 1385 collatis
528 1357 612 1384 non
643 1344 850 1399 reperitur
887 1357 971 1384 non
1001 1358 1025 1384 a
1054 1343 1191 1385 Plinio
1223 1344 1439 1386 brevitatis
1470 1345 1629 1386 studio-

157 1421 322 1462 sissimo
354 1422 555 1478 scriptum
597 1435 690 1463 esse
722 1422 797 1464 sed
827 1422 1153 1477 interpolatione
1200 1427 1338 1464 ortum
1366 1423 1542 1467 videtur.
1578 1450 1626 1457 —

155 1499 218 1555 ὃς.
252 1499 414 1544 10-29
446 1500 490 1541 in
521 1499 851 1543 chrestomathia
882 1501 1169 1542 tractavimus.

751 1637 812 1685 34
848 1652 891 1670 =
930 1637 1022 1693 415.
1657 1626 1738 1668 594

222 1721 364 1772 Elide
400 1723 592 1773 solebat
627 1722 822 1773 ostendi
856 1721 1057 1788 Pelopis
1094 1728 1232 1774 costa
1273 1739 1417 1789 quam
1453 1725 1630 1774 eburn-

222 1826 329 1860 eam
368 1810 683 1861 affirmabant.

265 1890 407 1940 ostilia*
419 1904 461 1942 ni
482 1899 533 1952 R,
566 1903 735 1941 ostiliam
765 1898 871 1951 VT,
904 1899 1016 1941 unde
1042 1899 1280 1942 Gronovius
1306 1901 1523 1957 eleganter
1539 1916 1628 1944 sca-

151 1981 254 2028 pala
285 1957 489 2031 coniecit,
530 1978 648 2019 cuius
679 1982 822 2019 tamen
853 1978 1034 2019 nominis
1067 1979 1291 2034 singularis
1323 1993 1446 2021 casus
1477 1980 1518 2020 in
1549 1995 1628 2022 usu

155 2068 241 2096 non
272 2060 349 2097 est.
409 2069 473 2110 os,
520 2060 638 2097 ulnae
667 2060 750 2097 eius
779 2057 929 2110 Ianus,
980 2057 1092 2113 quod
1132 2064 1173 2099 et
1217 2058 1361 2099 durius
1399 2058 1556 2100 dictum
1588 2064 1629 2101 et

154 2133 206 2174 ab
236 2133 330 2188 ipsa
369 2134 514 2176 fabula
544 2135 728 2176 alienum
761 2140 837 2177 est.
895 2135 1108 2176 Humerus
1147 2136 1258 2176 enim
1295 2136 1386 2177 fieri
1414 2142 1554 2191 potest
1583 2143 1629 2178 ut

153 2224 228 2266 per
256 2213 559 2267 metonymiam
579 2212 797 2253 brachium
827 2218 1013 2266 vocetur,
1045 2228 1101 2255 sc.
1133 2218 1266 2255 totum
1299 2228 1372 2270 pro
1389 2221 1524 2270 parte,
1555 2230 1627 2258 ne-

153 2302 235 2344 que
279 2294 422 2330 tamen
468 2295 515 2331 ut
560 2304 646 2331 una
675 2290 836 2333 brachii
882 2305 980 2346 pars
1025 2292 1196 2333 alterius
1248 2293 1386 2334 locum
1438 2301 1625 2350 usurpet.

148 2365 332 2410 Ὀστοῦν
362 2373 404 2409 et
433 2366 544 2411 ὀστᾶ
558 2369 795 2411 Pausanias
827 2375 1129 2411 commemorat
1158 2370 1208 2411 V.
1238 2372 1294 2414 13.
1317 2373 1356 2425 4,
1388 2372 1459 2415 VI.
1481 2374 1546 2416 22.
1580 2376 1623 2416 1:

153 2445 444 2501 negligentius
484 2446 647 2488 Plinius
686 2448 935 2490 miraculum
972 2454 1137 2490 costam
1176 2450 1416 2505 appellavit.
1475 2452 1624 2509 Itaque

155 2523 426 2566 scribendum
458 2530 523 2567 est
554 2534 666 2568 costa
695 2530 798 2568 illa.

748 2621 810 2668 36
846 2641 890 2661 =
926 2621 1020 2677 4,7.
1653 2630 1732 2675 595

218 2702 404 2755 Eadem
439 2705 626 2756 ratione
669 2711 807 2756 terna
860 2706 1104 2772 despuere
1159 2709 1523 2773 praedicatione
1574 2713 1619 2760 in

217 2795 348 2843 omni
386 2795 626 2844 medicina
665 2810 769 2845 mos
807 2799 895 2844 est.
