1914 3237
768 182 887 221 Liber
918 182 1054 220 XXX.
1567 175 1644 220 187

767 337 857 383 107
872 336 1097 391 =12,33.
1677 341 1757 385 672

247 423 580 474 Carbunculus
618 452 672 457 --
715 421 938 471 aboletur
978 451 1036 457 -—
1072 422 1244 486 apibus
1283 436 1407 484 quae
1433 420 1477 468 in
1503 417 1647 468 melle

247 512 341 560 Sint
374 512 658 560 lll‘lnlOlUslae
700 527 904 571 (mortuae
956 525 1069 562 recte
1108 520 1234 574 vulgo
1287 533 1308 560 e
1354 519 1471 559 libris
1501 517 1645 567 MSS.)

246 600 485 664 impositis
523 599 818 663 polentaque
855 599 1080 664 imposita
1123 598 1407 662 [inspersa].

291 687 551 728 Vocabulum
594 692 778 738 inspersa
809 692 947 728 utrum
979 685 1264 741 dittographia
1303 689 1439 725 ortum
1471 697 1648 738 anxpro-

179 766 318 806 ximae
349 765 440 805 voci
471 765 682 819 glossema
714 765 900 806 additum
934 778 1028 805 esse
1061 763 1218 816 dicam,
1258 762 1470 818 quomodo
1504 763 1539 816 ξ
1573 761 1650 804 106

180 848 343 884 accidat
372 844 463 884 voci
493 847 660 895 incipiat
690 843 949 898 a‘dscriptum
981 855 1076 883 esse
1097 842 1279 894 videtur,
1311 840 1474 881 neseio:
1507 838 1649 880 delen-

181 921 280 962 dum
312 922 456 977 utique
487 927 562 962 est.

640 1004 727 1049 109
766 1004 812 1048 et
852 1003 1003 1048 1102·
1053 1001 1205 1056 1235.
1681 1027 1761 1071 673

248 1088 501 1137 Ambustis
539 1087 696 1136 canini
725 1088 896 1152 capitis
934 1086 1054 1135 cinis
1073 1086 1297 1135 medetur
1322 1111 1369 1119 -
1392 1098 1651 1133 nervorum

248 1175 388 1224 nodis
427 1176 598 1239 eapitis
638 1176 841 1240 viperini
867 1174 987 1223 cinis
1024 1203 1086 1210 —
1121 1174 1300 1223 terreni
1331 1187 1523 1221 vermes
1544 1186 1650 1220 cum

249 1263 391 1312 melle
420 1262 538 1321 illiti,
580 1262 832 1312 doloribus
853 1278 1019 1312 eorum
1061 1262 1266 1326 [adips],
1304 1260 1654 1325 amphisbaena

250 1358 434 1400 mortua
471 1350 758 1415 adalligata,
798 1351 939 1416 adips
979 1350 1249 1400 volturinus
1288 1349 1371 1398 rel.

295 1443 482 1479 Amlmslas
519 1440 585 1479 vel
616 1442 830 1480 Lambzesta
878 1439 971 1480 libri
1003 1438 1226 1490 exhibent,
1271 1439 1372 1479 item
1418 1439 1545 1478 nodus
1575 1434 1653 1487 3²,

184 1521 308 1557 nodos
350 1518 401 1557 Ε1
448 1530 568 1562 (nam
600 1531 734 1573 usque
780 1517 834 1558 ad
865 1519 901 1571 ξ.
935 1517 1014 1560 119
1060 1517 1140 1557 hoc
1177 1515 1284 1556 libro
1315 1513 1654 1569 Luciliburgensi

188 1603 356 1650 propter
374 1595 563 1636 Micholis
585 1596 833 1636 industriam
849 1596 909 1636 uti
937 1595 1076 1649 licet),
1102 1598 1258 1635 dolores
1275 1607 1432 1634 omnes.
1465 1594 1656 1647 Apparet

186 1674 311 1727 igitur
341 1674 521 1714 Plinium
553 1674 592 1715 h.
626 1674 649 1714 l.
681 1674 854 1715 verbum
890 1673 1076 1726 ,mederi‘
1115 1687 1208 1714 cum
1241 1676 1389 1727 quarto
1423 1685 1523 1712 casu
1554 1683 1651 1711 con-

185 1752 386 1794 iunxisse.
447 1752 662 1793 Vei-mium
694 1757 835 1793 autem
874 1751 1043 1806 adipem
1073 1752 1165 1807 quis
1213 1763 1410 1806 umquam
1448 1748 1552 1790 vidit
1582 1752 1654 1788 aut

186 1829 313 1870 fando
345 1831 569 1884 cognovit?
628 1830 709 1877 Qui
741 1844 762 1870 e
802 1817 1089 1885 dittographia
1135 1842 1184 1870 eo
1226 1828 1389 1869 facilius
1427 1827 1469 1868 in
1515 1827 1653 1867 locum

188 1922 355 1963 prorsus
380 1909 571 1949 alienum
618 1922 661 1948 se
694 1908 942 1960 insinuavit,
991 1907 1102 1962 quod
1148 1906 1413 1948 librariorum
1453 1904 1560 1946 oculi
1600 1903 1653 1944 ad

187 1986 366 2040 proximi
398 1986 615 2040 archetypi
648 2000 813 2027 versum
847 1991 940 2040 post
969 1985 1137 2026 XXVII
1157 1985 1320 2025 litteras
1352 1997 1377 2025 a
1407 1996 1510 2025 voce
1540 1986 1656 2033 adips

186 2064 454 2119 incipientem
488 2065 748 2105 aberrarunt.

743 2158 831 2202 11¹2
869 2167 911 2185 2
950 2155 1107 2215 13‚38,
1684 2148 1765 2191 674

254 2260 278 2290 e
316 2242 512 2291 naribus
557 2242 788 2291 fluentem
846 2242 1163 2306 (sanguinem
1210 2240 1412 2299 sistunt)
1455 2268 1514 2274 —
1552 2253 1657 2286 ara-

255 2330 331 2379 nei
366 2330 507 2388 telae,
545 2330 804 2394 gallinacei
843 2329 1139 2380 cerebellum
1171 2327 1249 2377 vel
1289 2328 1506 2393 sanguis,
1547 2343 1656 2392 pro-

253 2417 399 2466 lluvia
436 2435 496 2468 ex
534 2420 759 2477 cerebro,
798 2420 911 2467 item
950 2417 1257 2468 columbinus
1290 2414 1375 2464 rel.

301 2505 451 2546 Galeni
482 2508 620 2547 locun]
660 2507 734 2558 (de
765 2508 844 2548 fae.
876 2507 1011 2562 simpl.
1042 2506 1152 2547 med.
1184 2505 1236 2547 X.
1268 2505 1370 2555 278)
1409 2503 1656 2545 Harduinus

188 2584 339 2636 attulit,
371 2584 442 2625 ubi
474 2586 648 2640 sanguis
680 2586 903 2641 gallinacei
936 2584 996 2634 εἰς
1025 2585 1103 2633 τὰς
1134 2588 1220 2626 τῶν
1257 2587 1474 2639 μηνίγγων
1504 2581 1656 2636 αἱμορ-

188 2667 341 2717 ραγίης
373 2664 576 2718 prodesse
608 2664 796 2706 traditur.
856 2664 1005 2719 Itaque
1033 2664 1370 2717 interpunctione
1402 2661 1569 2702 sublata
1597 2660 1656 2701 le·

188 2746 311 2795 gatur
341 2747 530 2797 oportet:

244 2825 302 2861 vel
322 2826 487 2872 sanquis
513 2825 713 2872 profluvia
746 2835 796 2861 eas
823 2822 997 2862 cerebro.
