1914 3237
145 1016 225 1059 747

246 144 327 188 214
813 144 930 184 liber
958 143 1109 184 XXXI
1120 144 1160 182 V.

795 271 954 320 mmm
987 271 1165 320 xxxiv,

332 383 397 424 De
428 383 490 437 §§.
518 381 689 433 13-93,
722 381 936 425 140—141
970 384 1009 424 in
1035 381 1367 423 chrestomathia
1383 381 1463 435 egi,
1494 385 1714 434 praeterea

250 466 286 513 ᾗ.
318 461 372 504 70
400 463 528 503 verba
558 462 852 515 ,Harmodium
886 485 931 490 —-
966 459 1222 501 Alexander‘
1267 458 1410 500 addito
1442 457 1610 499 artificis
1641 470 1713 497 no-

249 541 380 591 mine,
430 540 648 592 ,Antenor‘
694 541 730 595 §.
761 541 814 583 72
845 553 954 594 pone
985 554 1020 579 V.
1062 538 1293 592 ,bigasque‘
1343 535 1569 576 inserenda
1619 549 1715 576 esse

250 619 348 660 alibi
369 619 524 660 monui.
564 618 782 666 Quaedam
817 622 956 658 autem
988 617 1028 657 in
1058 616 1206 671 prioris
1237 614 1334 655 edit.
1395 613 1715 655 Teubnerianae

251 698 445 753 exemplo
476 695 588 752 quod
619 702 852 736 correctum
897 696 1034 750 operis
1066 692 1360 735 excudendum
1402 692 1714 732 transmiseram

251 775 478 817 emendare
504 774 686 829 neglexi.
735 773 773 827 ἓ.
803 773 855 815 8‘2
887 772 1015 813 Ianus
1047 772 1200 812 rectius
1231 770 1411 812 fortasse
1444 771 1719 820 philippiensis

252 868 274 895 e
306 853 397 894 cod.
428 852 463 893 B
496 851 681 906 scripsit,
734 864 830 891 nam
879 850 990 905 quod
1023 851 1057 904 ξ.
1091 850 1143 892 66
1194 850 1386 903 copulam
1435 856 1471 888 e!
1522 847 1720 900 restituit,

253 936 400 973 contra
428 929 584 971 codicis
614 928 910 969 auctoritatem
940 928 1099 969 factum
1131 935 1208 968 est.

714 1022 771 1069 10
791 1021 943 1076 =2,5.
982 1018 1071 1077 (de
1109 1032 1221 1066 aere
1243 1034 1269 1067 ι.

322 1108 547 1157 Proxima
583 1106 687 1156 laus
725 1107 1021 1169 Aeginetico
1060 1105 1169 1162 ruit,
1214 1104 1390 1161 {insula
1425 1105 1529 1168 ipsa
1564 1116 1715 1165 δοται

324 1212 413 1246 nec
450 1197 580 1260 quod
619 1196 680 1245 ibi
720 1196 1017 1259 gigneretur,
1073 1193 1160 1242 scd
1201 1193 1498 1241 cilicinarum
1538 1197 1722 1256 tempe-

324 1289 482 1333 ratura
523 1283 787 1333 nobilitata.

371 1377 506 1413 Insula
535 1379 572 1411 el
601 1375 700 1422 ipsa,
732 1359 804 1411 nbc
834 1384 901 1410 aes
929 1374 1096 1420 ye‘ynens
1127 1373 1197 1409 sect
1227 1369 1365 1423 vulgo,
1396 1372 1522 1408 ins-ula
1554 1371 1639 1418 ipsa
1670 1375 1726 1406 est

261 1479 304 1483 -
343 1464 414 1490 nec
444 1453 553 1500 qnod
581 1453 634 1489 ibe·
662 1453 909 1499 μὴμιθνθίην,
939 1451 1010 1487 sec!
1044 1449 1112 1496 off.
1142 1456 1404 1497 temperatura
1434 1470 1485 1474 —
1517 1449 1723 1485 nobilitata

265 1529 401 1570 [anus.
463 1527 642 1568 Codices
675 1532 814 1566 autem
846 1526 904 1566 ita
933 1525 1117 1566 variant:

317 1611 359 1647 et
390 1606 484 1661 ipsa
514 1614 537 1646 e
567 1618 644 1646 nec
677 1613 701 1645 e
732 1605 910 1659 gignens
940 1603 977 1644 Η,

313 1693 353 1726 et
382 1684 475 1739 ipsa
505 1688 570 1723 est
597 1696 675 1723 nec
708 1686 772 1722 est
801 1682 980 1736 gignens
1018 1681 1049 1720 V

315 1768 356 1802 et
387 1762 480 1816 ipsa
509 1774 587 1801 nec
618 1773 690 1800 aes
721 1760 899 1814 gignens
931 1758 957 1799 d
993 1764 1058 1803 (et
1087 1759 1209 1799 codd.
1243 1759 1446 1805 (iclenii).

370 1839 464 1886 Qua
492 1838 692 1878 librorum
735 1837 988 1877 deteriorum
1029 1838 1236 1891 scriptura
1275 1842 1520 1890 comparata
1550 1834 1728 1874 efficitur

262 1918 370 1958 aeris
402 1930 554 1958 nomen
594 1916 892 1970 interpolatum
925 1922 1122 1969 recteque
1167 1915 1218 1954 ab
1254 1914 1354 1954 Iano
1389 1913 1588 1954 omissum
1622 1926 1727 1953 csse.

265 1995 442 2050 Reliqua
473 1993 732 2049 compendiis
765 1992 981 2047 archetypi
1013 1993 1120 2033 male
1152 1991 1376 2032 intellectis
1408 1996 1605 2044 corrupta
1635 2002 1729 2030 esse

263 2087 316 2114 ex
337 2073 455 2113 hisce
470 2072 623 2112 cod.R.
641 2071 790 2112 litteris
808 2063 960 2121 ηθόὲῃί
1001 2075 1189 2125 apparet.
1250 2071 1367 2116 Quae
1406 2069 1446 2109 in
1487 2068 1520 2108 B
1559 2067 1730 2123 egregie

264 2151 486 2205 explentur
517 2150 662 2190 litteris
684 2128 855 2190 necuocl}
879 2163 926 2190 ac
945 2148 1237 2189 terminatione
1330 2156 1404 2198 mr,
1436 2148 1499 2187 cui
1531 2160 1656 2201 quum
1689 2146 1729 2186 in

265 2228 520 2269 deteriorum
551 2228 741 2269 codicum
767 2228 996 2282 exemplari
1028 2241 1050 2267 e
1082 2227 1271 2281 proximo
1294 2225 1497 2266 vocabulo
1526 2239 1546 2264 s
1577 2223 1731 2264 adhae-

266 2309 408 2357 sisset,
458 2306 718 2361 participium
765 2305 1038 2346 substitutum
1080 2311 1154 2346 est.
1214 2303 1280 2344 Ad
1311 2303 1497 2344 codicem
1541 2302 1668 2356 igitur
1696 2301 1731 2341 B

267 2386 335 2426 hic
369 2397 536 2439 quoque
566 2384 828 2424 redeundum
861 2389 937 2424 est.
997 2382 1044 2422 In
1074 2396 1156 2436 quo
1188 2382 1317 2422 haece
1349 2381 1565 2436 leguntur:

323 2467 409 2513 ipsa
441 2472 496 2502 es!
527 2476 597 2503 nec
629 2466 762 2502 nodilu‘
780 2467 955 2512 sigmetm·

269 2541 461 2581 Romano
494 2541 605 2581 enim
637 2540 830 2595 scriptori
860 2540 899 2580 id
934 2539 1178 2593 praesertim
1210 2537 1483 2577 memorabile
1500 2535 1733 2581 videbatur,

270 2620 380 2672 quod
413 2618 523 2670 apud
556 2619 788 2672 Aeginctas
836 2632 916 2658 non
960 2617 1094 2657 nuruis
1133 2615 1349 2671 signandis
1388 2628 1460 2655 aes
1500 2612 1735 2653 inservierit

272 2695 344 2736 sed
379 2695 568 2736 officinis.
628 2695 774 2749 ltaque
806 2696 846 2735 in
884 2695 1112 2749 archetypo
1151 2694 1306 2735 codicis
1337 2692 1372 2732 B
1406 2691 1605 2745 scriptum
1645 2698 1735 2731 erat

273 2778 401 2813 ans-ulte
432 2778 519 2823 ipsa
550 2783 604 2812 es!
636 2789 683 2812 ιμ’
715 2777 820 2813 ruod
849 2778 900 2813 im
930 2778 1116 2822 sisstwlmg
1151 2772 1210 2813 ita
1240 2778 1285 2812 ut
1314 2783 1421 2826 quae
1452 2768 1613 2810 Plinius
1645 2768 1735 2823 ipse
