1914 3237
754 150 886 192 Liber
915 152 968 192 X.
1516 146 1596 189 159

193 274 346 322 currit
383 275 538 339 pedes
572 274 677 322 eius
711 274 810 322 feta
846 289 1164 338 praegravem
1203 280 1286 322 aut
1322 273 1595 322 delumbem

193 381 305 412 sese
336 364 565 412 simulans
603 368 684 410 rel.

236 465 432 506 Verbum
464 469 580 503 metu
611 462 698 504 hoc
716 460 814 504 loco
836 460 1017 504 tolerari
1047 476 1132 503 non
1155 476 1293 517 posse
1316 463 1598 504 consentiens

125 542 318 584 estsere
351 541 442 583 VV.
469 541 551 583 DD
589 542 806 583 iudicium.
877 542 988 583 Nam
1028 556 1114 582 non
1155 550 1271 583 metu
1313 542 1393 582 sed
1423 542 1600 583 libidine

125 623 393 663 obcaecatas
422 621 463 660 in
487 634 683 674 aucupes
706 621 876 661 irruere
909 621 1113 675 perdices
1147 629 1188 661 et
1219 621 1314 675 ipse
1338 620 1500 661 Plinius
1529 621 1601 661 tlo-

126 707 198 740 cet
229 707 272 740 et
286 699 551 740 Aristoteles
584 714 712 755 quem
746 708 846 741 ante
882 699 1038 741 oculos
1069 700 1235 753 habuit,
1265 708 1456 741 testatur
1485 700 1598 741 Hist.

125 780 250 820 anim.
271 779 392 822 lx.S.
444 780 574 828 Quod
606 781 678 836 qui
709 781 877 836 primus
909 781 1219 821 animadvertit
1247 780 1471 821 Pintianus
1503 794 1602 834 pro-

126 859 258 900 bante
288 859 563 900 Schneidero
596 859 651 900 ad
682 859 819 902 Arist.
841 859 956 902 t.111.
990 874 1027 914 p.
1047 857 1122 908 68,
1158 857 1422 899 vocabulum
1453 857 1603 900 delere

126 938 276 989 voluit.
310 939 555 981 Salmasius
587 955 629 994 p.
649 939 738 980 152.
770 940 811 980 in
845 938 962 979 velut
990 938 1171 987 mutari,
1212 937 1461 978 Harduinus
1493 938 1603 977 initu

128 999 411 1059 scribendum
445 1032 571 1067 esse,
614 1018 696 1059 etsi
732 1026 915 1073 propter
946 1016 1154 1057 librorum
1186 1029 1454 1057 consensum
1486 1017 1604 1057 dubi·

128 1096 348 1136 tabundus
386 1096 588 1137 coniecit.
659 1096 719 1137 At
750 1109 858 1137 vero
890 1095 962 1136 hic
993 1109 1167 1151 quoque
1200 1094 1426 1137 lenissimo
1459 1103 1603 1137 trans·

130 1174 360 1228 positionis
390 1174 585 1216 remedio
619 1174 824 1215 utendum
859 1182 926 1214 est
958 1181 1000 1214 et
1032 1173 1336 1214 scribendum:

186 1267 311 1308 saepe
341 1267 495 1293 caecae
518 1252 710 1293 sedeant.
740 1250 784 1293 S.
819 1267 855 1292 a.
885 1267 926 1293 n.
960 1252 984 1293 ἰ.
1014 1265 1045 1293 e.
1079 1266 1116 1292 a.
1149 1267 1187 1293 a.
1217 1267 1260 1307 p.
1295 1267 1330 1292 e.
1354 1250 1460 1307 feta,
1492 1259 1608 1293 metu

184 1346 463 1388 praeqravem
494 1345 584 1371 sese
613 1329 841 1379 simulans,

131 1411 155 1452 i.
189 1424 224 1451 e.
258 1418 439 1464 propter
470 1418 630 1451 metum
665 1408 877 1450 simulans
910 1422 960 1449 se
992 1422 1093 1449 esse
1126 1422 1431 1463 praegravem.
1463 1409 1607 1452 Fefel-

131 1489 244 1530 lei-at
275 1489 470 1529 scribam
502 1489 737 1529 verborum
773 1500 926 1527 caecae
957 1495 999 1528 et
1028 1484 1119 1542 feta
1150 1488 1191 1528 in
1218 1489 1422 1531 versibus
1451 1490 1607 1531 vicinis

131 1568 379 1610 similitudo.

693 1667 1052 1728 173=63‚83.
1638 1683 1716 1725 195

202 1774 506 1820 Avertantur
556 1779 604 1817 et
642 1785 814 1829 caneS‚
860 1769 1072 1833 phocae,
1119 1768 1221 1833 lupi
1263 1768 1313 1816 in
1349 1770 1609 1835 medioque

205 1861 335 1909 coitu
366 1859 630 1924 invitique
669 1858 813 1907 etiam
844 1859 1123 1907 cohaerent.

247 1962 426 2003 Fen-em
447 1959 630 2001 alterum
658 1974 739 2018 que
763 1967 863 2015 post
885 1960 1023 2010 inviti,
1049 1960 1086 2001 si
1111 1961 1248 2002 verba
1278 1960 1430 2015 „inviti
1452 1961 1613 2002 etiam⁶⁵

139 2041 301 2081 abesse
330 2048 528 2096 possent.
589 2038 803 2086 Quoniam
830 2052 938 2080 vero
968 2047 1158 2093 apparet
1192 2053 1244 2081 ea
1273 2039 1328 2080 ad
1351 2041 1613 2081 sententiam

140 2117 402 2173 explendam
434 2116 697 2159 necessaria
729 2129 847 2166 esse,
879 2114 1111 2157 delendam
1139 2117 1341 2173 copulam
1373 2131 1555 2160 censeo.

687 2243 782 2292 179
808 2269 852 2288 =
873 2243 1068 2292 ibidem.
1641 2254 1719 2296 197

207 2347 376 2412 Equas
417 2354 581 2395 autem
622 2354 734 2411 post
771 2345 969 2420 tertium
1011 2345 1139 2394 diem
1180 2355 1262 2394 aut
1312 2356 1426 2412 post
1466 2365 1614 2397 unum

210 2439 268 2486 ab
301 2438 449 2487 enixu
482 2438 664 2486 utiliter
696 2436 882 2485 admitti
910 2444 1081 2502 putant
1114 2447 1390 2502 coguntque
1425 2438 1615 2501 invitas,

211 2537 261 2577 et
303 2528 478 2577 mulier
523 2528 730 2593 septimo
774 2528 853 2577 die
898 2528 1160 2594 concipere
1196 2529 1422 2578 facillime
1461 2531 1616 2580 credi-

209 2629 289 2669 tur
324 2625 406 2667 rel.

253 2721 511 2776 impeditum
556 2726 898 2774 corruptumque
935 2719 1084 2761 locum
1127 2733 1230 2762 esse
1273 2734 1373 2762 eum
1414 2720 1487 2763 alii
1530 2731 1618 2764 tum

148 2799 372 2842 Pintianus
401 2801 441 2842 in
462 2800 614 2855 primis
641 2798 854 2841 intellexit
885 2812 1123 2854 veramque
1142 2800 1348 2844 medendi
1368 2801 1482 2844 viam
1500 2816 1617 2844 mon-
