1914 3237
299 192 353 236 38
893 190 1010 228 Liber
1043 188 1070 226 A
1093 188 1179 227 VII.

190 356 271 400 318
877 321 941 369 88
960 342 1018 362 =
1040 321 1194 377 1217.

366 421 552 470 Brcves
590 424 702 469 sunt
747 419 992 480 (umbrae)
1043 418 1264 482 quamvis
1302 432 1583 482 magnarum
1621 417 1763 466 arbo-

366 523 482 566 rum,
520 523 643 572 quae
683 522 840 555 rames
876 507 921 555 in
959 507 1126 555 orbem
1167 506 1419 563 circinant,
1457 510 1506 554 ut
1542 504 1588 553 in
1609 503 1761 553 malis.

300 609 402 646 quae
431 595 554 636 abest
583 609 607 635 a
637 594 772 646 codd.,
803 598 998 634 cercineac
1027 607 1062 645 a,
1095 598 1264 634 cit-cluat
1294 593 1320 634 d
1351 593 1521 634 Scribe:
1573 596 1763 633 arborum

299 687 436 715 ramos
465 678 503 714 in
534 677 665 713 orbem
697 675 994 722 circ‘e'nanh‘um,
1024 677 1065 710 ut
1093 671 1164 712 rel.

192 803 272 847 :2319
881 784 944 830 90
958 782 1189 838 =12,1s.

366 882 582 931 lucunda
619 887 665 930 et
702 880 882 945 platani
925 879 1176 939 (umbra),
1231 893 1523 946 quamquam
1580 894 1766 939 crassen

365 969 480 1019 licet
514 969 719 1034 gramini
757 969 957 1017 credere
1006 983 1103 1017 non
1140 965 1255 1026 seli,
1299 965 1431 1015 haud
1466 966 1559 1015 alia
1592 966 1766 1016 laetius

367 1057 618 1122 operiente
654 1063 805 1107 toros,
1318 1043 1324 1047 ¹

412 1143 496 1186 Cur
527 1145 603 1186 soli
644 1158 728 1185 non
759 1144 1016 1186 credendum
1048 1143 1122 1195 sit,
1170 1142 1364 1197 equidem
1417 1156 1501 1184 non
1550 1143 1764 1198 intelligo:

300 1222 379 1263 hoc
425 1222 524 1263 dicit
553 1223 734 1275 Plinius,
786 1223 946 1278 platani
977 1221 1167 1262 umbram
1216 1234 1299 1260 non
1331 1220 1437 1261 sicut
1480 1220 1691 1275 iuglandis
1724 1225 1765 1261 et

301 1301 424 1355 pinus
457 1314 609 1341 nocere
647 1301 906 1355 graminibus
937 1299 1011 1341 sed
1041 1298 1256 1354 prodesse.
1302 1297 1392 1338 Iam
1423 1312 1521 1339 vero
1551 1301 1663 1338 haud
1691 1298 1764 1339 ab·

302 1382 366 1419 est
397 1393 421 1420 a
451 1378 587 1431 codd„
616 1383 800 1429 qramz'na
830 1377 1038 1433 reperitur
1067 1377 1109 1417 in
1139 1375 1230 1418 cod.
1264 1389 1300 1416 a.
1345 1376 1447 1417 Levi
1473 1376 1602 1431 igitur
1632 1380 1766 1417 trans-

303 1456 512 1511 positione
541 1456 655 1498 facta
684 1457 802 1497 locus
837 1456 895 1496 sic
928 1454 1241 1496 emendabitur:

359 1538 448 1574 licet
475 1539 658 1584 gsrame'mc
689 1537 854 1574 credere
882 1537 976 1585 soli,
1007 1547 1082 1573 non
1113 1536 1192 1572 aliu
1223 1535 1364 1572 lczetc'us
1395 1535 1592 1582 operienle
1622 1538 1739 1572 toros.

305 1612 330 1652 i.
363 1626 398 1654 e.
431 1613 624 1668 gramina
654 1612 731 1652 soli
761 1612 921 1667 platani
943 1610 1117 1651 umbrae
1148 1609 1409 1650 committere
1440 1609 1548 1650 licet.

197 1729 278 1773 320
880 1719 940 1764 95
961 1737 1019 1756 =
1042 1714 1196 1770 13,2Ο.

371 1802 445 1851 Ex
482 1801 556 1851 his
613 1802 881 1851 lentissima
927 1806 1001 1851 est
1050 1801 1197 1866 pirus,
1272 1798 1510 1850 Ocissima
1559 1798 1770 1848 omnium

374 1890 569 1955 cypirus
606 1889 690 1939 rel.

308 1984 365 2018 est
393 1978 535 2018 neseio
567 1992 638 2019 cur
668 1979 795 2018 Ianus
827 1976 1034 2018 omiserit:
1068 1974 1334 2017 scribendum
1361 1980 1426 2016 est
1464 2000 1504 2004 —
1531 1978 1663 2026 pirus,
1692 1977 1772 2014 oci-

307 2058 406 2096 sima
435 2056 509 2095 rel.

200 2153 278 2196 321
875 2146 966 2194 100
985 2166 1043 2186 =
1067 2144 1220 2200 1423.

373 2235 421 2281 111
462 2233 564 2282 licis
621 2238 781 2281 autem
817 2236 864 2281 et
915 2231 1052 2280 malis
1089 2229 1214 2279 haee
1258 2230 1344 2279 fuit
1390 2228 1653 2279 inoculatio
1691 2243 1774 2276 an-

377 2320 529 2384 tiqua;
568 2320 850 2385 Vergiliana
886 2318 1073 2384 quaerit
1109 2319 1262 2367 sinum
1296 2317 1344 2366 in
1382 2318 1512 2367 nodo
1550 2331 1774 2381 gemmae

378 2408 568 2472 expulsi
624 2407 817 2457 corticis
852 2421 1194 2471 gemmamque
1250 2420 1310 2454 ex
1357 2403 1450 2452 alia
1494 2400 1667 2454 arbo‘re
1704 2403 1776 2451 in-

381 2494 547 2544 eludit.

422 2582 564 2623 Prima
596 2582 723 2623 verba
753 2582 962 2637 quomodo
994 2583 1034 2622 in
1066 2581 1235 2636 reliquis
1267 2580 1480 2622 codicibus
1507 2579 1656 2634 quibus
1686 2577 1774 2618 vul-

313 2664 412 2714 gata
441 2660 563 2700 lectio
596 2660 798 2711 innititur,
831 2660 988 2714 scripta
1018 2660 1100 2700 sint
1125 2659 1285 2699 nescio:
1317 2658 1359 2698 in
1390 2658 1439 2698 iis
1470 2670 1573 2711 quos
1599 2655 1775 2710 diligen-

314 2738 394 2778 tius
425 2737 599 2778 collatos
630 2737 741 2790 apud
775 2737 980 2792 Silligium
1013 2737 1258 2791 reperimus,
1293 2735 1360 2776 ad
1393 2734 1497 2786 dico,
1531 2747 1612 2775 non
1645 2741 1775 2773 autem

313 2815 388 2856 sed
423 2818 500 2855 hoc
537 2814 708 2869 legitur,
768 2814 879 2868 quod
922 2829 1048 2868 quum
1093 2814 1158 2854 vel
1215 2813 1369 2854 librarii
1415 2812 1479 2853 vel
1537 2812 1617 2852 viri·
1655 2811 1766 2852 docti
