1914 3237
667 1160 1132 1232 PRAEFATIO,

159 1304 230 1345 cui
268 1303 519 1359 diligentem
557 1306 920 1364 utilissimamque
959 1322 1142 1363 operam
1174 1307 1368 1363 Silligius
1406 1312 1638 1366 praestitit,

157 1382 313 1437 paucis
347 1388 494 1424 tamen
534 1384 767 1428 etiamnum
805 1387 920 1428 vitiis
953 1388 1152 1437 laborat,
1202 1401 1386 1442 quorum
1426 1390 1640 1432 nonnulla

157 1460 361 1503 Heraeus
392 1462 435 1502 in
469 1461 800 1507 Schneidewini
831 1465 1061 1521 Philologo
1084 1466 1177 1508 Vll.
1207 1481 1249 1520 p.
1268 1466 1365 1509 572.
1395 1482 1493 1524 sqq.
1523 1468 1637 1511 libro

159 1541 378 1595 Pragensi
407 1542 630 1595 sagaciter
662 1558 768 1587 usus
802 1545 991 1587 sustulit.
1053 1545 1106 1586 Et
1136 1546 1320 1600 primum
1352 1547 1527 1602 quidem
1546 1548 1638 1605 §.a

159 1621 277 1675 apud
308 1619 519 1675 Silligium
549 1622 612 1664 ita
641 1624 876 1679 scriptam:

229 1725 564 1790 Triumphalis
604 1735 653 1776 et
692 1729 946 1777 censorius
982 1737 1034 1776 tu
1073 1728 1339 1793 sexiesque
1371 1731 1541 1778 consul
1582 1747 1639 1778 ac

230 1814 517 1864 tribuniciae
551 1819 812 1882 potestatis
843 1819 1090 1884 particeps
1123 1827 1196 1880 et,
1231 1820 1362 1884 quod
1393 1820 1467 1868 his
1503 1821 1637 1869 nobi-

225 1907 320 1955 lius
358 1906 521 1956 fecisti
550 1909 663 1958 dum
694 1910 813 1959 illud
843 1910 971 1974 patri
1000 1909 1184 1974 pariter
1217 1916 1268 1957 et
1307 1911 1526 1974 equestri
1562 1929 1638 1960 or-

227 1998 327 2048 dini
365 2006 617 2063 praestas,
663 2002 943 2065 praefectus
988 2000 1204 2066 praetori
1245 2000 1379 2062 eius,
1417 2002 1639 2050 omnia-

226 2107 340 2155 que
376 2090 526 2138 haec
562 2090 656 2138 rei
692 2091 1002 2156 publicae,
1029 2099 1078 2139 et
1103 2091 1241 2139 nobis
1265 2091 1461 2155 quidem
1483 2093 1638 2157 qualis

228 2181 277 2229 in
304 2181 541 2229 castrensi
574 2182 921 2242 contubernio3
956 2199 1048 2229 nec
1081 2182 1337 2246 quicquam
1367 2181 1418 2230 in
1450 2189 1499 2230 te
1536 2200 1638 2231 mu.-

226 2272 345 2322 tavit
371 2273 596 2321 fortunae
629 2273 923 2338 amplitudo,
963 2272 1056 2320 nisi
1090 2279 1143 2320 ut
1178 2273 1417 2337 prodesse
1448 2279 1637 2322 tantun-

228 2362 340 2411 dem
371 2379 546 2427 posses
582 2370 637 2411 ut
672 2359 856 2413 velles(

162 2488 246 2530 ego
284 2476 345 2516 ita
383 2476 694 2530 emendabam,
742 2484 788 2517 ut
828 2475 1033 2531 copulam
1071 2482 1111 2516 et
1147 2482 1249 2531 post
1284 2475 1483 2532 publicae
1516 2476 1560 2517 in
1597 2489 1640 2516 es

161 2561 399 2606 mutarem,
442 2568 527 2610 quo
565 2555 739 2610 quidem
778 2556 924 2610 posito
954 2554 1085 2596 talem
1114 2568 1295 2597 sensum
1328 2556 1478 2598 inesse
1513 2560 1640 2609 puta·

159 2635 281 2677 bam:
325 2640 369 2675 et
398 2633 656 2690 praefectus
686 2634 921 2689 praetorii,
951 2635 1068 2690 quod
1111 2634 1180 2677 his
1211 2648 1276 2678 sc.
1305 2635 1471 2676 ceteris
1502 2634 1640 2690 digni-

161 2713 324 2755 tatibus
362 2712 550 2756 nobilius
589 2712 758 2766 fecisti,
803 2715 904 2756 dum
933 2715 977 2756 id
1010 2727 1168 2756 munus
1208 2713 1424 2768 praefecti
1452 2713 1568 2768 patri
1598 2719 1640 2754 et

163 2791 380 2846 equitibus
388 2821 403 2843 ,
447 2793 561 2835 sicut
599 2793 746 2835 omnia
779 2795 842 2836 rei
872 2794 1077 2848 publicae
1106 2799 1336 2847 praesta&
1367 2792 1496 2834 nobis
1525 2792 1640 2832 idem

163 2870 363 2912 mansisti
394 2877 437 2912 et
464 2871 671 2914 fortunae
699 2874 982 2916 mutationem
1008 2886 1151 2927 aequo
1173 2872 1319 2914 animo
1338 2877 1551 2926 expertus
1575 2883 1639 2912 es.

1304 2960 1360 3001 1*
