1914 3237
281 145 337 187 30
902 142 1033 185 Liber
1059 143 1092 186 I
1090 143 1123 185 I
1122 174 1133 185 .

203 290 258 333 38
914 267 1121 316 Ibidem.

348 367 509 432 rapuit
553 373 603 415 et
649 366 698 415 in
743 366 912 416 Sicilia
955 367 1199 416 dimidiam
1247 367 1536 432 Tyndarida
1581 371 1749 419 urbem

347 457 442 526 [ac
488 456 782 522 quidquid
828 458 896 505 ab
934 457 1118 505 Italia
1167 457 1388 525 deest].

390 558 551 599 Ultima
572 558 711 599 verba
738 571 826 598 non
844 557 1052 599 auderem
1072 558 1114 599 in
1136 559 1435 613 suspicionem
1457 573 1638 614 vocare,
1667 560 1750 602 nisi

277 638 452 680 abunde
482 637 565 678 iam
596 643 806 677 constare
835 643 1053 691 putarem,
1083 651 1211 692 quam
1241 637 1428 679 licenter
1443 638 1484 679 in
1503 637 1591 679 hoc
1611 652 1748 693 opere

276 715 605 773 interpolatoris
640 728 794 755 manus
828 722 1062 769 grassatae
1100 724 1266 757 essent.
1333 716 1475 764 Quum
1507 715 1618 756 enim
1650 729 1748 757 eum

277 797 473 839 ordinem
505 793 694 835 tenuerit
725 793 888 834 Plinius
926 801 972 835 ut
1001 794 1146 851 §.90ss
1183 795 1237 836 de
1265 795 1419 836 insulis
1452 802 1598 837 terrae
1628 802 1747 837 motu

275 877 407 918 sactis
445 874 708 928 disputaret,
749 884 931 926 quarum
971 872 1175 926 primam,
1216 880 1262 914 ut
1304 873 1514 925 decebat,
1555 874 1746 915 Siciliam

276 949 656 1003 commemoravit,
697 948 854 990 deinde
883 948 1052 990 insulas
1082 955 1229 992 terrae
1256 951 1429 992 iunctas
1459 958 1502 993 et
1532 959 1674 993 terras
1704 953 1746 994 in

274 1040 410 1075 totum
442 1029 640 1073 sublatas
671 1034 951 1070 enumeraret
977 1027 1133 1079 §.205‚
1170 1028 1254 1070 iam
1293 1029 1422 1071 litora
1452 1044 1626 1086 quoque
1657 1044 1745 1072 ma·

272 1114 334 1155 ris
363 1110 569 1153 violentia
600 1108 822 1149 imminuta
854 1120 957 1149 esse
989 1114 1154 1157 narrat,
1184 1120 1211 1148 a
1242 1109 1398 1162 quibus
1426 1107 1587 1150 fretum
1619 1110 1744 1152 Sicu·

274 1191 419 1234 culum
448 1189 637 1230 alienum
669 1195 750 1230 est.
807 1188 959 1242 Itaque
1001 1201 1098 1239 „ac
1126 1185 1336 1248 quidquid
1349 1191 1383 1214 “
1411 1189 1489 1230 rel.
1527 1196 1688 1244 postea
1717 1203 1744 1231 a

271 1270 449 1313 librario
481 1267 632 1309 addita
663 1279 766 1309 esse
797 1266 1006 1309 arbitror.

192 1382 248 1424 39
827 1368 925 1417 217
942 1391 993 1411 =
1011 1367 1093 1428 97,
1114 1367 1196 1418 99.

339 1475 523 1523 Omnes
571 1477 732 1519 autem
779 1476 942 1518 aestus
988 1468 1035 1517 in
1076 1483 1260 1516 oceano
1297 1468 1480 1516 maiora
1523 1468 1744 1533 integunt

339 1563 494 1629 spatia,
511 1562 905 1625 inundantque
927 1576 1066 1624 quam
1088 1558 1135 1606 in
1155 1558 1344 1623 reliquo
1360 1558 1496 1620 mari,
1509 1558 1610 1607 sive
1631 1559 1743 1623 quia

337 1663 492 1705 totum
510 1651 829 1702 universitate
858 1649 1121 1699 animosius
1158 1665 1299 1713 quam
1335 1656 1513 1713 parte
1548 1655 1624 1696 est
1659 1653 1740 1695 rel.

383 1755 574 1797 Primum
606 1765 629 1793 e
654 1752 781 1793 codd.
803 1750 902 1792 Aad
940 1750 1240 1805 recipiendum
1271 1756 1340 1790 est
1370 1748 1626 1810 nudantque
1655 1761 1742 1803 quo

270 1835 490 1879 recedens
509 1839 661 1874 aestus
677 1831 916 1878 indicetur3
950 1828 1108 1869 deinde
1132 1827 1173 1868 in
1200 1826 1286 1867 fine
1309 1840 1469 1868 sensus
1489 1826 1741 1881 legendum:

325 1916 429 1977 quia
459 1919 592 1954 totum
621 1911 673 1951 in
701 1909 985 1950 universitate
1014 1906 1248 1946 animosius
1281 1920 1412 1966 quam
1438 1910 1607 1961 partes
1634 1911 1710 1945 est.

382 1994 675 2047 Opponuntur
707 1989 820 2030 enim
851 1992 985 2027 totuin
1018 1992 1061 2026 et
1100 1993 1250 2038 partes
1291 1985 1446 2039 quibus
1475 1984 1742 2025 universitas

268 2075 292 2116 i.
309 2087 345 2115 e.
376 2073 627 2114 universum
655 2068 749 2123 (cll.
768 2069 805 2120 §.
825 2063 1044 2119 12‚111.l)
1077 2069 1262 2104 constat.
1327 2062 1473 2117 Atque
1503 2062 1635 2103 talem
1667 2076 1741 2103 co-

271 2153 358 2193 dex
398 2150 588 2205 optimus
623 2147 665 2190 A
703 2147 847 2188 locum
876 2141 1096 2185 luculente
1132 2141 1332 2193 exhibet,
1373 2140 1456 2183 nisi
1495 2140 1612 2196 quod
1651 2139 1739 2181 levi

270 2244 421 2274 errore
452 2229 565 2271 sicut
594 2226 750 2282 reliqui
779 2224 875 2268 libri
906 2230 1031 2281 parte
1059 2221 1254 2276 scripsit.

190 2350 245 2391 40
826 2344 924 2392 218
943 2364 994 2385 =
1010 2340 1187 2403 97‚99.

337 2480 402 2486 —
438 2447 661 2513 quoniam
700 2451 749 2493 et
783 2444 831 2492 in
870 2459 1078 2507 corpore
1118 2446 1338 2489 extrema
1376 2439 1565 2503 pulsum
1597 2452 1736 2485 vena-

336 2557 443 2588 rum
483 2537 562 2605 [id
600 2542 690 2584 cst
725 2532 1010 2600 spiritus]
1048 2531 1199 2597 inagis
1232 2530 1460 2579 sentiunt.

380 2638 600 2692 „Spiritus
617 2636 833 2678 semitae“
849 2633 1128 2690 appellantur
1147 2631 1338 2674 arteriae
1367 2625 1548 2674 X1.218‚
1574 2626 1737 2681 quippe

268 2731 381 2775 quae
395 2716 600 2772 „vitalem
617 2716 840 2757 continent
859 2713 1088 2768 spiritum“
1104 2710 1308 2765 (inmo),
1332 2709 1455 2750 cuius
1471 2705 1557 2747 loci
1573 2717 1740 2746 memor

265 2796 556 2851 interpolator
584 2795 777 2849 ineptam
798 2793 1125 2836 annotationem
1153 2789 1233 2841 „id
1255 2794 1325 2831 est
1342 2785 1523 2841 spiritus
1533 2786 1559 2807 ‘⁶
1579 2783 1658 2826 li.l.
1676 2784 1737 2824 in·

1908 277 1914 351 1

1907 356 1914 440 l

1909 445 1914 498 ε
