1914 3237
268 151 324 193 88
880 144 1012 188 Liber
1043 144 1129 187 VI.

269 274 543 314 Amazonum
596 269 825 311 connubiis
881 269 1024 311 coacti
1078 275 1320 311 uterentur.
1390 267 1608 322 Lepidam
1649 267 1740 310 He-

271 350 415 391 rodoti
457 348 755 390 narrationem
792 347 866 390 lV.
903 348 982 389 110
1013 362 1136 403 sqq.,
1191 346 1426 390 Strabonis
1470 347 1741 390 dissertatio-

273 442 372 469 nem
405 427 480 468 ΧΙ.
512 441 552 482 p.
575 427 669 469 504.
700 434 745 469 ut
771 428 980 478 omittam,
1008 440 1138 468 unum
1168 439 1192 467 e
1223 425 1399 479 Periplo
1433 425 1560 468 Ponti
1585 425 1741 469 Euxini

271 521 314 560 p.
341 506 384 549 l.
418 505 562 547 locum
599 519 698 547 cum
727 505 952 547 Harduino
984 504 1184 546 attulisse
1215 503 1430 558 sufficiet,
1468 506 1540 547 ubi
1578 506 1743 547 diserte

274 585 589 626 commercium
633 584 734 626 illud
781 599 865 641 quo
903 584 1136 626 Sarmatae
1173 597 1272 624 cum
1307 583 1605 626 Amazonibus
1644 599 1744 626 con-

272 663 390 718 iungi
424 662 769 718 perhibebantur
814 676 954 705 causa
986 662 1260 717 cognominis
1296 663 1574 717 ignominiosi
1606 662 1745 705 fuisse

274 742 472 783 traditur.
531 741 705 791 Τούτοις
734 740 777 785 δὲ
806 742 1083 796 ἔπιιιιεμῗχξῑαι
1115 740 1189 790 τὰς
1212 740 1452 796 Ἀμαζόνας
1480 746 1563 791 τοῖς
1591 750 1745 797 Σαυρο-

273 818 430 874 μάταις
449 819 667 876 λέγουσιν,
699 820 914 869 ε’λβούσας
943 818 1039 873 ποτὲ
1068 819 1151 862 ἀπὸ
1177 820 1246 872 τῆς
1266 818 1355 874 περὶ
1380 819 1451 862 τὸν
1469 819 1747 875 Θεριιιώδουτα

272 898 503 953 γριτομένης
521 898 692 953 μάχης·
724 898 789 952 ἐφ’
825 894 900 947 οἷς
926 898 1223 951 ἐπεκλήξνησαυ
1247 898 1286 939 οἱ
1307 897 1576 953 Σαυρομάται
1596 907 1746 941 Γυναι-

273 976 618 1031 κοκρατούμευοι.
672 976 740 1018 Cf.
760 976 945 1031 Dionys.
967 976 1142 1031 Perleg.
1165 976 1260 1020 656.
1333 976 1586 1032 Requiritul'
1619 977 1748 1031 igitur

273 1055 392 1109 apud
426 1054 611 1096 Plinium
642 1055 861 1109 particula
894 1068 979 1110 qua
1009 1063 1193 1110 propter
1222 1056 1498 1098 Amazonum
1528 1055 1750 1097 connubia

274 1133 505 1175 Sarmatas
536 1134 596 1174 ita
627 1133 880 1187 appellatos
917 1147 1019 1176 esse
1054 1134 1285 1175 indicetur.
1345 1135 1515 1183 Quodsi
1543 1148 1653 1176 vero
1681 1148 1750 1176 re-

274 1212 525 1266 putaveris,
562 1225 692 1267 quam
728 1211 860 1254 facile
890 1212 1024 1267 longo
1064 1220 1106 1254 et
1134 1211 1308 1254 insolito
1340 1213 1558 1256 vocabulo
1598 1212 1749 1256 similis

275 1291 491 1345 quaedam
525 1290 770 1332 ultimarum
806 1290 1049 1333 litterarum
1083 1291 1243 1333 vocula
1279 1293 1510 1334 absorberi
1545 1292 1751 1347 potuerit,

277 1377 320 1410 et
357 1377 521 1423 quanta
558 1370 670 1411 inter
708 1368 906 1424 syllabas
949 1385 997 1410 oe
1037 1377 1081 1411 et
1118 1370 1167 1411 ob
1214 1371 1462 1412 intercedat
1500 1371 1750 1423 similitudo,

275 1449 348 1489 vix
365 1449 582 1490 dubitabis
612 1448 713 1503 quin
744 1449 861 1502 apud
892 1449 1074 1490 Plinium
1105 1450 1389 1491 scribendum
1412 1464 1514 1491 esse
1538 1463 1750 1492 censeas:

335 1551 385 1558 —
423 1525 908 1581 quaaecocz·at2cnne220e
937 1527 995 1568 ob
1024 1528 1298 1568 Amazonum
1329 1527 1556 1570 connubia.

174 1625 253 1667 IIS
875 1617 938 1664 25
961 1642 1007 1660 =
1028 1617 1077 1678 9,
1097 1618 1145 1665 9.

345 1707 578 1756 Armenia
614 1714 777 1755 autem
810 1707 964 1756 maior
987 1742 999 1755 .
1023 1742 1036 1755 .
1060 1742 1071 1755 .
1107 1706 1365 1772 Euphrate
1401 1723 1558 1769 amne,
1595 1715 1649 1756 ut
1684 1708 1754 1757 di-

346 1805 474 1845 ctum
513 1804 612 1858 est,
649 1797 871 1845 aufertur
909 1797 1250 1861 Cappadociae
1288 1805 1360 1859 et,
1415 1814 1510 1863 qua
1546 1798 1756 1847 discedit

345 1887 644 1952 Euphrates,
674 1887 1078 1952 Mesopotamiae,
1101 1888 1229 1936 haud
1262 1888 1418 1937 minus
1454 1889 1584 1937 claro
1616 1905 1755 1937 amne

349 1977 506 2042 Tigri.

391 2067 532 2114 Quum
571 2081 734 2109 sensus
769 2068 1005 2109 verborum
1044 2065 1277 2108 manifesto
1310 2067 1367 2108 sit
1403 2068 1652 2117 „Armenia
1681 2084 1756 2111 au-

279 2145 420 2187 fertur
450 2146 678 2200 Euphrate
706 2145 1048 2201 Cappadociae,
1081 2145 1202 2201 Tigri
1232 2146 1641 2203 Mesopotamiae4‘,
1680 2163 1755 2191 ne-

280 2226 376 2265 scio
402 2239 482 2266 cnr
511 2225 644 2280 vulgo
668 2232 770 2280 post
787 2225 1122 2281 Blesopotamiae
1141 2225 1490 2280 interpungatur.
1521 2227 1756 2271 Artissime

281 2303 394 2344 enim
428 2304 956 2358 coniungantur,oportet
996 2303 1333 2359 Blesopotamiae
1362 2303 1494 2347 haud.

178 2394 257 2435 119
869 2393 933 2442 28
954 2418 999 2436 =
1021 2393 1070 2454 9,
1094 2392 1171 2441 10.

272 2534 283 2543 ,
349 2484 636 2533 Adiabenen
683 2483 849 2548 Tigris
896 2491 945 2531 et
989 2490 1177 2531 montes
1223 2484 1339 2533 invii
1387 2485 1598 2548 cingunt.
1680 2484 1757 2532 Ab

350 2576 485 2623 laeva
522 2576 628 2623 eius
659 2574 795 2639 regio
819 2574 1079 2622 Medorum
1117 2582 1192 2623 est
1230 2583 1288 2623 et
1324 2580 1634 2640 prospectus
1667 2574 1757 2621 Ca-

352 2665 445 2728 spii
483 2665 629 2712 maris
666 2670 746 2711 rel.

394 2753 627 2808 Vulgatam
658 2754 773 2795 hanc
805 2755 1089 2809 scripturam,
1121 2767 1249 2808 quam
1279 2753 1474 2807 Silligius
1505 2753 1699 2803 retinuit,
1732 2766 1757 2794 c

286 2833 409 2876 codd.
438 2833 554 2877 Mss.
587 2833 642 2873 de
677 2833 835 2887 quibus
868 2832 1033 2875 certius
1072 2838 1246 2874 constat
1284 2846 1397 2874 unus
1428 2831 1460 2872 P
1492 2831 1755 2886 (Monacen-

1887 708 1898 792 -·..n.
1885 687 1890 697 ⁵

1897 1338 1901 1342 .
1898 1290 1902 1319 „-
1886 806 1903 1280 «Ἰριν-ζμ·
