1914 3237
322 175 376 218 60
896 177 1012 216 Liber
1056 176 1219 217 XVIII.

387 319 620 369 spergere
657 311 815 354 autem
868 305 997 370 prius
1035 320 1176 369 quam
1212 310 1400 354 arescat
1428 309 1507 352 aut
1544 305 1669 353 iacto
1706 319 1784 353 se-

387 393 539 451 inine3
577 393 616 441 si
654 394 775 443 haec
813 394 992 444 omissa
1027 395 1086 443 sit
1118 394 1418 451 stei·coratiO‚
1457 407 1671 456 sequens
1694 398 1781 450 est,

389 482 665 546 priusquam
703 483 860 541 sariat,
901 483 1063 531 aviarii
1106 481 1321 547 pulvere..

428 570 464 611 E
487 569 747 611 Columellae
772 571 863 611 loco
897 571 944 612 ΙΙ.
985 572 1030 612 lb
1060 570 1243 610 Plinium
1274 567 1584 610 emendandum
1616 581 1710 609 esse
1742 571 1785 608 et
1847 604 1850 605 γ

318 648 564 688 llarduinus
599 657 639 687 et
668 662 802 702 nuper
835 650 959 689 [anus
987 648 1096 688 bene
1127 648 1439 699 intellexerunt,
1470 660 1645 702 quorum
1677 645 1783 686 alter

320 740 426 781 quae
448 726 501 766 ad
532 727 784 766 sententiam
816 726 1056 766 necessaria
1087 725 1165 765 sibi
1198 725 1460 776 videbantur,
1493 724 1675 764 violento
1706 724 1781 763 im-

320 811 417 859 petu
435 804 613 856 infarsit,
644 805 750 844 alter
769 818 897 844 unum
918 803 1021 844 vidit
1040 805 1223 859 egregie,
1256 803 1308 844 ab
1330 802 1538 843 Harduini
1555 800 1782 856 interpola·

320 882 432 923 tione
464 896 543 922 non
579 883 698 922 cavit.
759 881 992 923 Columella
1025 886 1195 922 auctore
1226 881 1386 921 Plinius
1419 884 1460 920 et
1489 879 1783 935 tempestivam

320 961 666 1001 stercorationem
713 966 753 1000 et
793 960 955 1000 satione
1004 960 1086 1000 iam
1140 959 1253 1000 facta
1302 957 1531 999 secundam
1578 957 1782 998 rationem

320 1038 602 1090 commendat,
635 1043 746 1091 ,ante
777 1052 901 1093 quam
936 1038 1069 1079 sarias
1099 1051 1215 1079 more
1246 1037 1491 1078 seminantis
1531 1049 1583 1077 ex
1616 1034 1783 1076 aviariis

321 1117 536 1171 pulverem
566 1116 762 1157 stercoris
792 1130 867 1170 per
897 1121 1089 1171 segetem
1124 1115 1377 1171 spa1·gendi.‘
1436 1115 1624 1156 Priorem
1656 1113 1782 1153 ratio-

321 1209 415 1234 nem
446 1194 636 1235 codicum
667 1195 848 1235 lectione
879 1209 970 1235 ares
1001 1194 1224 1249 significari
1255 1193 1382 1234 Ianus
1416 1193 1573 1248 optime
1595 1190 1783 1232 animad-

321 1273 463 1313 vertit:
496 1285 604 1328 quae
635 1280 867 1327 sequuntur
897 1272 951 1313 ad
972 1273 1147 1313 alteram
1179 1276 1394 1327 spectant:
1427 1278 1495 1310 ane
1530 1269 1667 1324 (quod
1697 1282 1780 1309 non

321 1365 425 1405 opus
456 1352 522 1391 est
549 1356 593 1391 ut
623 1365 716 1407 cum
746 1353 846 1392 Iano
878 1351 917 1390 in
949 1358 991 1389 ul
1009 1355 1214 1395 mutetur)
1251 1353 1355 1390 iacto
1374 1353 1527 1400 semine,
1560 1353 1594 1388 si
1619 1350 1657 1387 h.
1689 1360 1722 1386 0.
1753 1361 1784 1386 s.

318 1444 349 1469 s.
373 1444 404 1468 s.
436 1443 468 1469 e.
496 1434 727 1480 priusquam
759 1433 888 1468 sarira
908 1432 1053 1472 (seran
1076 1428 1123 1482 a)
1157 1437 1247 1467 sense
1265 1432 1472 1478 pulverem.
1520 1425 1599 1466 His
1628 1424 1784 1465 ultimis

320 1507 458 1547 verbis
490 1506 623 1548 Hard.
657 1506 709 1547 ad
741 1520 912 1547 sensum
942 1512 1055 1547 recte
1089 1505 1162 1553 (cf.
1183 1504 1320 1547 XVII.
1342 1504 1415 1556 50)
1452 1508 1598 1544 (triarii
1621 1507 1785 1554 pulvere

321 1585 557 1636 substituit,
603 1584 715 1639 quod
751 1585 820 1625 ubi
876 1584 1118 1637 admiseris,
1166 1597 1260 1624 cum
1297 1582 1399 1623 Iano
1443 1587 1575 1622 sarias
1624 1580 1783 1622 scribas

321 1668 499 1718 oportet.
572 1662 728 1703 Verum
777 1662 987 1718 quomodo
1034 1662 1140 1702 haec
1178 1660 1308 1702 verba
1359 1665 1655 1701 construantur
1711 1671 1782 1698 ne·

321 1741 422 1794 scio,
453 1754 589 1796 neque
615 1739 841 1796 quidquam
870 1740 1112 1781 dissimilius
1131 1738 1295 1793 reperio
1320 1738 1492 1779 vocibus
1518 1746 1606 1778 ante
1627 1744 1669 1777 et
1699 1738 1782 1776 (rvi-

321 1823 410 1860 ιινῑί.
472 1818 640 1858 Scilicet
670 1831 719 1858 eo
752 1823 982 1872 peccarunt
1012 1818 1089 1858 viri
1120 1817 1231 1858 docti
1262 1816 1372 1871 quod
1404 1819 1644 1867 mutarunt,
1675 1827 1783 1868 quae

322 1896 558 1951 supplenda
587 1901 719 1936 erant.
780 1895 1058 1936 Desideratur
1089 1896 1200 1936 enim
1251 1895 1480 1935 infinitivus
1512 1892 1629 1934 verbi
1661 1896 1784 1946 aptus

322 1989 346 2014 a
377 1988 413 2014 V.
444 1988 610 2024 sequens
634 1982 702 2026 est,
737 1987 817 2029 quo
849 1976 1113 2014 accusativus
1128 1977 1328 2024 pulverem
1357 1977 1542 2027 regatur,
1575 1969 1785 2011 intercidit

324 2058 463 2092 autem
495 2066 576 2092 uno
609 2066 733 2092 versu
763 2051 931 2092 XXVII
971 2051 1202 2091 litterarum
1237 2050 1407 2091 omisso.
1469 2050 1604 2097 Quem
1636 2051 1668 2088 si
1700 2061 1783 2089 non

323 2144 419 2170 vere
471 2136 512 2170 at
571 2129 844 2185 probabiliter
902 2133 1015 2170 certe
1074 2129 1131 2169 sie
1187 2127 1421 2169 restituisse
1466 2125 1588 2167 video
1614 2157 1623 2177 ,
1690 2138 1783 2165 cum

324 2207 481 2247 scribo:

377 2294 446 2324 aut
477 2290 500 2326 ι’,
524 2301 555 2326 s,
585 2301 615 2326 s.
647 2289 684 2326 lz.
719 2300 754 2326 0.
784 2300 814 2327 s.
846 2300 878 2325 s.
909 2300 940 2324 s.
965 2297 997 2324 e.
1025 2288 1256 2335 priusquam
1272 2287 1452 2323 sarlaten·
1482 2296 1541 2322 cuc
1571 2284 1786 2321 aviariis

376 2355 624 2391 seminare
648 2360 830 2403 paratu
842 2365 876 2391 m
908 2358 998 2390 αηιε
1024 2355 1232 2400 pulverem.

214 2483 294 2527 353
885 2454 971 2501 194
995 2476 1053 2494 =
1073 2454 1230 2509 2353.

388 2542 567 2588 lustum
621 2546 693 2589 est
731 2539 950 2604 singulas
1007 2538 1160 2587 vehes
1216 2539 1309 2587 limi
1364 2538 1562 2587 denario
1616 2537 1683 2584 ire
1737 2535 1781 2583 in

390 2627 610 2691 singulas
651 2628 868 2692 pecudes
906 2627 1132 2676 minores.

434 2715 634 2755 'l'ricenos
665 2715 755 2755 dies
787 2714 1021 2755 Columella
1051 2715 1102 2754 II.
1137 2715 1187 2755 15
1219 2718 1423 2762 numerat,
1456 2713 1597 2765 itaque
1630 2709 1784 2750 Pintia-

324 2806 402 2835 nus
442 2796 503 2832 (lie
541 2796 687 2832 triceno
727 2792 929 2844 coniecit,
988 2791 1116 2832 Ianus
1158 2796 1256 2832 ante
1302 2804 1337 2830 v.
1375 2794 1555 2839 sinqnlus
1601 2789 1784 2829 inserere
