1914 3237
738 189 853 227 Liber
869 189 951 226 XX
957 188 1024 226 11]
1030 221 1034 226 ,
1547 185 1627 228 127

166 320 292 373 vulgo
324 324 366 361 et
394 320 437 360 in
468 317 494 358 d
532 317 685 372 legitur
713 316 784 357 illo
816 315 1089 370 compendio,
1126 329 1210 357 non
1240 320 1348 357 mitto
1373 317 1629 371 exprimitur.

168 397 233 439 Ne
264 397 344 438 hoc
375 396 543 452 quidem
584 393 849 448 probaverim
890 393 1001 447 quod
1032 407 1070 447 p.
1104 393 1163 433 VI
1200 394 1378 435 fortasse
1409 399 1539 435 omnia
1569 396 1631 435 in—

170 474 395 516 serendum
427 485 522 514 esse
551 475 720 525 propter
749 471 885 511 locum
917 470 1034 511 XIV.
1063 472 1142 512 111
1173 472 1467 525 pronuntiavit.
1527 476 1634 513 Fieri

163 553 273 594 enim
304 565 388 592 non
419 549 472 591 ad
501 553 580 589 vini
607 561 756 599 yenera
790 548 866 588 sed
897 548 951 588 ad
981 562 1092 588 usum
1116 548 1384 590 referendum
1415 554 1492 595 est.
1525 550 1630 591 Gra-

160 630 251 670 vius
281 629 323 668 in
352 628 490 682 priore
521 626 733 668 sententia
774 626 973 667 mendum
1004 630 1214 678 remanet,
1262 640 1388 681 aegre
1420 628 1529 668 enim
1562 642 1630 668 co-

160 706 260 760 pula
289 718 504 757 caremus,
557 704 637 745 nisi
665 703 804 744 verbis
834 703 916 744 illis
945 707 979 744 si
1018 707 1128 744 cibus
1157 718 1234 744 mm
1265 708 1481 745 descendat
1523 719 1632 746 nova

162 783 372 837 quaedam
405 782 587 824 cardiaci
635 781 770 822 morbi
801 782 963 835 species
1010 785 1052 822 et
1086 781 1267 835 repetita
1305 783 1466 823 curatio
1506 783 1633 837 signi-

160 862 318 902 ficatur.
378 861 518 916 Atque
550 860 590 900 id
636 859 806 900 omnino
839 859 898 899 ita
929 872 974 899 se
1010 858 1168 900 habere
1200 859 1309 900 Celsi
1352 860 1444 901 loco
1473 860 1549 901 III.
1582 861 1633 904 19

167 953 292 995 quem
322 938 458 980 Hard.
505 937 663 990 attulit,
696 937 909 978 docemur.
968 936 1049 984 Qui
1078 942 1302 992 postquam
1335 952 1485 993 aegros
1525 944 1635 994 ,post

162 1018 363 1060 vomitum
395 1016 534 1057 cibum
565 1016 745 1056 sumere‘
800 1015 941 1068 iussit,
998 1014 1051 1069 ,si
1079 1028 1133 1055 ne
1163 1015 1205 1056 id
1235 1016 1439 1070 quidem‘,
1486 1017 1634 1073 inquit,

160 1095 390 1149 ,manserit,
421 1093 592 1135 sorbere
613 1093 699 1133 vini
728 1092 940 1147 cyathum,
972 1093 1305 1149 interpositaque
1334 1093 1438 1136 hora
1468 1109 1633 1137 sumere

160 1173 368 1214 alterum.‘
427 1171 619 1220 Quocum
657 1175 704 1211 ut
732 1170 894 1211 Plinius
927 1172 1184 1224 consentiat,
1228 1172 1435 1214 vocabulo
1462 1177 1562 1214 inter
1591 1176 1632 1215 in

159 1255 297 1292 iterum
326 1254 490 1291 mutato
522 1249 581 1289 sic
613 1248 771 1289 scribe:

213 1356 248 1393 si
277 1355 312 1392 d.
346 1366 376 1393 S.
407 1353 619 1402 stomachi,
668 1352 840 1390 dandum
889 1349 970 1404 (sc.
1003 1363 1128 1405 quem
1159 1350 1283 1392 modo
1314 1351 1502 1407 dixerat,
1548 1354 1633 1395 vini

1282 1431 1521 1487 cyathum),

212 1512 247 1549 si
276 1510 389 1549 cibus
417 1520 494 1548 non
525 1509 768 1556 descendat,
813 1510 850 1546 it
861 1520 949 1546 eru
964 1521 1011 1548 m.
1081 1511 1165 1548 J'e‘m'
1192 1521 1338 1558 yenera
1367 1523 1403 1560 q.
1430 1514 1462 1559 s.
1495 1513 1530 1550 d.
1562 1525 1636 1552 nee

209 1590 298 1636 fieri
327 1590 404 1626 iam
434 1589 614 1626 arbitror
644 1592 680 1624 et
709 1597 999 1635 supervacuum
1032 1599 1164 1626 eorum
1196 1601 1332 1640 usum,
1363 1589 1388 1629 i.
1421 1602 1455 1630 e.
1488 1603 1633 1631 eorum

158 1678 282 1706 usum
312 1678 390 1705 nec
420 1663 509 1704 fieri
540 1667 581 1703 et
612 1675 919 1717 supervacuum
951 1676 1058 1704 esse.

439 1791 496 1838 91
527 1803 579 1822 =
603 1790 726 1845 4,46.
772 1787 860 1847 (de
898 1802 1051 1853 cypro
1092 1789 1351 1853 loquitur).
1664 1808 1747 1852 500

225 1877 350 1926 odor
385 1875 520 1926 floris
556 1875 675 1934 olet,
714 1876 795 1939 qui
833 1892 1057 1927 somnum
1093 1877 1223 1930 facit.

268 1964 410 2005 Verba
440 1968 517 2005 olel
546 1968 613 2014 qui
655 1964 968 2019 interpolationi
1000 1965 1147 2006 deberi
1180 1966 1238 2006 ait
1271 1965 1372 2019 Sill.,
1405 1968 1634 2021 transposi-

158 2043 273 2083 tione
304 2042 514 2098 corrigere
553 2047 730 2083 conatus
763 2047 827 2083 est
856 2044 980 2084 Ianus
1029 2048 1097 2094 qm·
1127 2049 1211 2086 olet.
1273 2044 1434 2092 Quodsi
1465 2050 1634 2100 reputa—

159 2121 269 2162 veris
314 2134 397 2161 non
437 2126 602 2162 tantum
641 2121 786 2161 florem
833 2120 908 2161 sed
946 2122 1073 2162 etiam
1105 2122 1243 2162 oleum
1283 2122 1438 2175 ,odoris
1473 2125 1633 2165 suavis-

158 2199 265 2239 simi‘
297 2212 392 2239 esse
444 2198 516 2242 (cf.
548 2198 645 2239 XII.
678 2197 799 2252 109),
849 2197 1051 2240 facillima
1087 2200 1321 2241 mutatione
1351 2202 1474 2242 Plinii
1503 2203 1632 2244 verba

163 2276 378 2317 emendari
405 2277 636 2331 intelliges:
669 2279 770 2316 odor
786 2279 899 2326 floris
928 2281 1130 2327 oleique
1160 2292 1333 2320 somnum
1360 2282 1471 2329 simil.

742 2391 802 2435 99
844 2411 890 2430 =
929 2390 1054 2446 5,53.

226 2471 418 2522 Vulvae
457 2488 513 2521 ac
551 2473 734 2522 ventris
772 2464 1029 2526 fluctiones
1065 2477 1193 2526 sistit
1230 2479 1490 2528 decoctum
1528 2481 1633 2529 eius

225 2571 433 2627 (palmam
502 2572 640 2613 elaten
699 2572 846 2628 dieit);
944 2565 1058 2614 item
1119 2566 1239 2615 cinis
1310 2567 1373 2615 ad
1428 2570 1633 2618 tormina

224 2655 370 2715 potus
404 2651 451 2699 in
505 2652 616 2701 vino
653 2651 790 2711 albo,
842 2653 890 2702 in
928 2653 1181 2703 vulvarum
1228 2655 1355 2704 vitiis
1393 2656 1634 2706 efficacis-

225 2753 393 2788 smius.
445 2783 454 2791 .

268 2825 464 2867 Pluribus
497 2827 637 2869 verbis
670 2827 899 2882 deperditis
929 2828 1039 2871 hanc
1069 2831 1403 2874 enuntiationem
1421 2834 1631 2889 inquinari

1662 2426 1738 2469 501
