1914 3237
764 179 879 218 Liber
908 179 1072 218 XXXI.
1575 179 1654 222 195

301 309 566 364 Praepositio
597 321 680 363 qua
710 320 853 348 carere
884 320 966 347 non
1002 321 1244 362 possumus,
1279 322 1302 349 e
1332 322 1434 351 voce
1464 309 1656 365 proxima

192 400 277 428 una
307 387 449 428 littera
477 387 659 442 repetita
687 385 943 426 restituitur:
985 388 1198 436 domosque
1228 403 1248 427 e
1276 392 1426 430 massis.

782 477 844 524 85
867 494 907 512 =
929 479 958 523 7
962 477 1054 532 ,41.
1686 485 1767 530 698

258 562 568 613 Salsissimus
604 561 675 612 sal
711 562 793 626 qui
829 562 1151 621 siccissimus,
1198 564 1518 614 suavissimus
1556 580 1658 615 om-

258 652 387 699 nium
407 650 696 700 Tarentinus
732 655 877 714 atque
899 650 1289 710 candidissimus,
1327 657 1374 700 et
1404 653 1464 701 (le
1492 658 1656 702 cetero

230 736 442 804 ‘fragilis
481 740 562 803 qui
600 738 806 787 maxime
845 738 1099 787 candidus.

302 836 431 869 celero
462 827 552 868 Ian.
585 840 607 867 e
640 826 749 867 VRl
769 826 794 866 d
826 826 893 867 cui
919 828 1171 868 assentirem
1204 828 1285 869 nisi
1315 828 1408 870 cod.
1428 828 1485 869 R2
1517 833 1658 870 aucto·
1694 836 1697 837 ’

192 920 281 947 rem
312 907 431 962 sequi
470 906 657 959 mallem3
714 913 750 945 el
779 903 892 945 haud
930 904 1056 945 dubie
1094 906 1342 947 mutandum
1382 907 1569 960 videtur,
1614 911 1660 948 ut

192 986 378 1040 legatur:
411 988 718 1026 candidissimus
748 991 839 1036 est,
871 986 927 1023 de
963 990 1090 1024 cetero
1122 984 1195 1024 rel.

840 1083 1017 1125 Ibidem.

257 1165 307 1213 ln
352 1165 467 1229 igne
524 1179 615 1213 nec
667 1164 869 1228 crepitat
921 1178 1012 1212 nee
1059 1163 1220 1212 exsilit
1257 1163 1564 1228 Tragasaeus
1599 1191 1659 1201 -
1690 1174 1770 1217 699

258 1268 350 1302 nee
386 1252 530 1301 ullius
568 1267 739 1317 spuma
774 1256 855 1300 aut
891 1257 1159 1300 ramentum
1203 1256 1284 1301 aut
1321 1253 1497 1301 tenuis,

302 1345 402 1382 ullus
420 1340 454 1381 T
472 1340 509 1380 V
531 1340 601 1393 R1,
631 1348 806 1381 ramenlo
832 1354 993 1393 omnes,
1022 1346 1135 1380 recte
1157 1340 1209 1381 ab
1228 1342 1259 1381 Ι.
1283 1345 1466 1395 recepta,
1488 1340 1661 1381 habent.

192 1420 367 1460 Collatis
399 1420 462 1474 ἓξ.
495 1421 570 1472 74,
601 1419 654 1462 7ss
697 1424 738 1460 et
777 1417 1062 1474 dittographia
1100 1418 1240 1459 deleta
1271 1418 1539 1460 scribendum
1571 1423 1658 1460 est:

192 1507 261 1539 aut
290 1506 468 1538 ramento
504 1502 642 1538 lenuis.

617 1602 899 1657 87:7,41.
953 1598 1041 1658 (de
1080 1598 1231 1659 sale).
1689 1614 1771 1660 700

259 1690 486 1740 conditur
529 1689 672 1738 etiam
720 1687 955 1737 odoribus
1006 1687 1366 1746 atlclitis--,
1405 1687 1468 1736 ita
1515 1692 1563 1736 ut
1599 1687 1658 1736 sit

257 1777 516 1844 peculiaris
554 1793 615 1826 ex
655 1791 713 1826 eo
750 1773 1030 1824 intellectus
1076 1775 1201 1824 inter
1246 1776 1498 1824 innumera
1544 1791 1661 1826 con-

250 1867 472 1916 ‹dimenta
529 1865 744 1916 [iterum]
787 1864 833 1912 in
871 1863 1166 1921 mandendo,
1203 1864 1454 1927 quaesitus
1490 1880 1627 1929 garo.

302 1955 508 1996 Homines
528 1968 622 1996 cum
652 1954 803 1994 iterum
823 1951 1024 1992 mandere
1042 1965 1125 1992 non
1146 1951 1310 1992 soleant
1330 1966 1467 2007 neque
1499 1967 1660 2008 garum,

193 2033 304 2089 quod
337 2033 522 2088 ,liquoris
555 2031 752 2087 exquisiti
783 2032 931 2085 genus‘
963 2030 998 2083 §-
1017 2030 1069 2073 93
1100 2038 1286 2083 vocatur,
1317 2031 1459 2072 mandi
1491 2032 1660 2072 omnino

192 2114 346 2168 possit,
385 2112 574 2167 sequitur
607 2123 732 2165 quam
763 2109 987 2150 lectionem
1020 2109 1105 2150 Sill.
1139 2122 1160 2149 e
1191 2108 1307 2149 libris
1338 2108 1455 2151 MSS.
1489 2111 1662 2165 recepit,

194 2204 288 2231 eam
318 2190 418 2231 ferri
451 2204 535 2230 non
566 2201 704 2243 posse.
737 2186 800 2227 Ne
818 2187 908 2227 Iani
941 2186 1111 2236 quidem
1135 2187 1390 2240 coniectura,
1423 2201 1505 2242 qua
1535 2189 1661 2230 inter-

192 2269 419 2323 punctione
451 2272 641 2308 eorreeta
671 2268 823 2306 interim
855 2264 879 2304 i.
912 2277 946 2304 e.
981 2264 1191 2305 interdum
1225 2265 1349 2306 scribi
1382 2265 1534 2320 voluit,
1576 2281 1661 2308 rem

194 2345 356 2386 absolvi
401 2346 647 2400 putaverim.
713 2343 822 2384 Nam
860 2356 943 2383 non
982 2342 1195 2383 interdum
1235 2343 1309 2383 sed
1357 2357 1524 2399 semper
1563 2346 1663 2386 salis

194 2437 388 2479 saporem
418 2424 595 2478 intelligi
628 2423 670 2463 in
700 2421 940 2462 mandendo
974 2425 1162 2476 apparet.
1192 2421 1288 2462 Non
1320 2422 1568 2464 mutandum
1600 2430 1663 2465 est

195 2502 446 2544 vocabulum
476 2503 665 2556 ineptum
708 2501 781 2541 sed
813 2499 1063 2552 delendum,
1112 2513 1134 2541 e
1169 2500 1318 2541 litteris
1358 2501 1564 2542 similibus
1603 2507 1660 2543 in-

193 2586 318 2623 terimi
349 2595 457 2636 quae
490 2580 673 2622 eundem
704 2580 791 2620 fere
822 2593 968 2621 versus
999 2579 1229 2634 superioris
1259 2578 1398 2620 locum
1430 2593 1662 2635 occupasse

194 2661 408 2716 putandae
449 2664 566 2712 sunt,
608 2659 719 2699 male
757 2659 995 2714 repetitum.
1054 2658 1102 2698 In
1132 2658 1324 2712 proximo
1356 2672 1484 2699 sensu
1515 2660 1661 2701 vitium

194 2755 219 2782 a
250 2740 335 2783 Sill,
366 2739 503 2781 Plinio
535 2739 753 2779 obtrusum
785 2738 836 2779 ab
868 2737 971 2778 Iano
998 2737 1148 2777 merito
1180 2738 1400 2790 expulsum
1435 2752 1559 2792 quam
1592 2753 1658 2780 an-

192 2820 351 2873 tiquum
392 2819 464 2870 sit,
496 2817 648 2859 Isidori
684 2817 776 2858 loco
807 2815 922 2858 XVI.
953 2816 979 2859 2
1017 2815 1331 2857 demonstratur
1369 2818 1454 2872 qui,
1486 2817 1660 2858 multum

1325 2895 1413 2937 13*
