1914 3237
702 181 821 220 Liber
850 180 1016 220 XVIII.
1535 173 1589 217 49

340 322 382 354 ut
411 317 579 363 diliyant
608 319 644 351 te
671 315 802 352 vicini.

234 393 371 446 Supra
400 391 438 445 §.
469 389 522 432 29
552 393 675 438 cavit,
715 401 841 442 quum
884 387 1040 441 ubique
1080 399 1282 441 praesens
1322 392 1488 440 tempus
1531 397 1592 424 re-

123 469 328 524 periatur,
359 468 401 508 in
432 474 541 507 cavet
568 464 819 506 mutandum
853 477 949 505 esse
979 463 1171 504 arbitror.

726 578 785 623 47
823 593 865 611 =
904 575 996 633 6,8.
1623 590 1705 634 340

191 676 485 726 Umidiorem
537 690 706 738 agrum
757 674 905 724 fossis
964 671 1158 722 concidi
1211 676 1356 735 atque
1421 670 1591 718 siccari

188 762 497 813 utilissimum
536 767 623 821 est,
661 762 821 811 fossas
859 767 1019 810 autem
1053 760 1258 809 cretosis
1295 757 1418 808 locis
1455 773 1595 822 aper-

186 858 258 901 tas
295 850 525 916 relinqui,
578 851 625 898 in
664 850 899 900 solutiore
954 854 1081 898 ‘terra
1126 848 1358 913 saepibus
1406 846 1594 902 firmari,

190 939 410 988 declives
445 939 729 988 imbricibus
766 944 848 987 aut
882 938 1070 1002 supinis
1107 936 1339 985 lateribus
1371 950 1597 1000 procum-

188 1029 317 1085 bere,
357 1027 591 1091 quasdam
631 1027 885 1076 occaecari
922 1025 1007 1074 rel.

234 1116 300 1155 Ita
332 1114 518 1169 Silligius
561 1114 777 1169 vulgatam
825 1114 1049 1154 lectionem
1089 1115 1245 1162 firmari
1289 1124 1338 1150 ne
1381 1112 1599 1161 procidam

125 1201 195 1233 aut
239 1193 313 1233 rel.
357 1192 555 1243 mutavit,
615 1205 637 1231 e
669 1190 930 1232 Columellae
970 1191 1061 1231 loco
1090 1189 1145 1230 II.
1177 1190 1213 1231 2.
1243 1189 1268 1230 9
1305 1200 1430 1243 quem
1462 1186 1597 1226 Plinio

125 1271 340 1312 obversari
370 1274 550 1322 constat,
583 1270 756 1310 vocibus
783 1272 952 1309 declives
981 1270 1208 1309 imbricibus
1244 1265 1501 1320 desumptis,
1533 1265 1599 1304 cui
1624 1263 1626 1265 ’

127 1354 304 1390 eatenus
335 1361 535 1389 assensus
566 1354 631 1388 est
660 1347 803 1398 Ianus,
835 1355 881 1387 ut
907 1346 1084 1386 alteram
1104 1359 1250 1386 vocem
1273 1344 1485 1385 omitteret
1509 1343 1598 1382 eius

125 1432 267 1468 autem
298 1439 424 1481 quam
455 1426 639 1466 servavit
667 1427 899 1465 imbricibus
928 1425 970 1464 in
997 1424 1214 1466 codicibus
1245 1423 1415 1463 ultimas
1437 1421 1600 1461 litteras

125 1517 350 1559 superesse
383 1509 608 1555 statueret,
650 1504 803 1544 lacuna
832 1517 959 1557 quam
1004 1501 1337 1558 deprehendisse
1370 1500 1449 1540 sibi
1485 1499 1599 1539 visus

124 1588 201 1635 est,
232 1582 573 1636 ingeniosissime
611 1582 670 1622 sic
703 1581 891 1635 expleta:
953 1594 1019 1633 ,ne
1051 1583 1287 1636 procidant,
1329 1586 1398 1618 aul
1427 1580 1599 1618 imbrici-

126 1662 223 1700 bus.‘
281 1660 339 1700 At
369 1673 469 1700 vero
501 1659 698 1700 imbrices
732 1672 809 1699 nec
830 1658 992 1699 Plinius
1023 1671 1160 1713 neque
1192 1658 1226 1698 is
1261 1670 1384 1712 quem
1415 1655 1504 1695 fere
1535 1668 1599 1695 se-

126 1738 265 1792 quitur
295 1737 532 1779 Columella
577 1741 621 1777 ut
652 1736 777 1777 fossis
827 1736 1085 1778 adderentur
1121 1737 1253 1777 suasit
1295 1735 1449 1790 quippe
1495 1746 1600 1788 quas

126 1815 381 1867 ,imbricibus
414 1815 574 1870 supinis
604 1816 764 1855 similes‘
795 1828 891 1855 esse
923 1815 1143 1856 voluerint.

238 1892 443 1934 Codicum
474 1892 657 1934 varietas
688 1892 794 1933 haec
825 1898 912 1933 est:
946 1906 995 1934 ne
1026 1895 1222 1944 precibus
1252 1904 1289 1932 a.

951 1976 1013 2012 ine
1036 1973 1230 2023 procibus
1251 1968 1305 2008 D.

955 2053 995 2090 in
1027 2050 1236 2100 eprocibus
1266 2046 1368 2098 Td.,

130 2140 202 2167 eos
235 2126 401 2167 codices
434 2125 548 2178 dico,
598 2139 703 2181 quos
751 2139 774 2166 e
805 2125 955 2182 Silligii
1002 2127 1108 2167 libro
1159 2129 1354 2165 accurate
1394 2123 1604 2171 novimus,

129 2211 292 2246 ceteros
323 2204 426 2245 nihil
457 2204 676 2254 moror*).
738 2203 791 2244 Et
823 2210 1021 2260 corrupta
1050 2204 1220 2259 quidem
1253 2216 1348 2243 esse
1378 2202 1448 2242 illa
1480 2214 1602 2242 voca-

130 2283 228 2323 bula
260 2281 532 2323 manifestum
567 2288 644 2333 est,
692 2281 767 2321 sed
798 2288 896 2322 ante
928 2292 1055 2337 quam
1087 2279 1340 2322 emendandi
1372 2279 1603 2334 periculum

131 2360 350 2412 faciamus,
383 2359 516 2400 altera
546 2358 785 2413 corruptela
815 2372 920 2413 opus
954 2364 1018 2400 est
1048 2366 1093 2400 ut
1121 2358 1360 2414 indagetur,
1406 2370 1530 2412 quam
1562 2357 1603 2396 in

131 2451 233 2479 voce
263 2441 526 2488 procumbere
556 2436 842 2492 deprehendo.
902 2436 1086 2478 Tantum
1118 2438 1229 2478 enim
1261 2437 1384 2478 abest
1414 2441 1458 2476 ut
1488 2435 1603 2475 fossa

132 2514 410 2571 procumbere
444 2514 598 2555 debeat
625 2520 672 2555 ut
701 2528 754 2555 ne
780 2514 1028 2569 procumbat
1058 2516 1171 2557 omni
1208 2528 1337 2570 opera
1368 2513 1604 2555 cavendum

189 2676 245 2720 ,Ὃ
278 2676 328 2710 De
356 2675 590 2710 Chiffletiano
622 2675 652 2707 Θ
678 2676 795 2708 fateor
823 2686 876 2708 uie
903 2675 1081 2709 dubitare.
1123 2677 1192 2717 Qui
1218 2676 1412 2709 lectionem
1440 2678 1477 2707 in
1501 2684 1603 2718 epro-

273 2748 370 2779 cibus
396 2757 477 2780 cum
506 2745 570 2778 Td
598 2756 831 2779 communem
873 2746 1005 2779 habere
1031 2747 1136 2789 eique
1165 2756 1290 2779 vocem
1319 2748 1411 2778 divis
1437 2748 1604 2790 praemit-

278 2823 353 2850 tere
380 2816 522 2858 dicitur,
550 2827 621 2860 qua
648 2816 734 2861 quid
761 2816 941 2849 indicetur
966 2817 1102 2850 nescio.

1394 2886 1421 2926 4
