1914 3237
124 2559 205 2602 822

260 152 342 197 242
814 157 931 196 liber
959 157 1187 198 XXXVII.

325 285 567 349 petiantur
597 286 784 344 animo,
844 301 951 334 cum
991 285 1086 335 hoc
1125 301 1322 351 quoque
1375 288 1561 337 intersit
1597 288 1724 339 vitae

322 372 449 422 scire
514 388 604 422 nos
674 373 911 438 quidquid
983 373 1048 422 illi
1107 375 1370 439 prodidere
1439 376 1725 426 mirandum.

321 459 641 511 Phaethontis
681 490 736 497 -
776 477 973 512 sorores
1023 462 1156 512 luctu
1192 469 1398 513 mutatas
1442 464 1487 512 in
1525 465 1726 515 arbores

320 549 533 614 populos
593 548 803 599 lacrimis
841 549 1074 599 electrum
1097 579 1156 585 —
1195 550 1399 600 fundere
1436 579 1497 588 —
1533 552 1724 618 plurimi

320 642 497 701 poetae
548 638 713 687 dixere
770 639 1029 703 primique,
1102 644 1151 688 ut
1196 639 1424 698 arbitror,
1494 639 1726 705 Aeschy-

319 724 416 784 lus,
455 724 780 785 Philoxcnus,
823 726 1111 792 EuripideS,
1167 725 1400 791 SatyruS,
1456 727 1724 793 Nicander3

323 814 458 878 quod
495 830 606 864 esse
647 814 818 864 salsum
856 814 1019 864 ltaliae
1074 815 1354 866 testimonio
1392 821 1538 881 patet.
1609 816 1726 866 Dili-

315 902 569 967 gentiores
624 918 789 953 eorum
831 903 1101 953 Electridas
1151 902 1336 953 insulas
1373 904 1421 953 in
1470 905 1588 954 mari
1626 903 1725 954 Ha-

318 989 520 1041 driatico
559 1006 671 1041 esse
709 992 937 1042 dixerunt
972 991 1057 1042 rel.

363 1077 487 1126 Quod
518 1079 607 1120 fere
652 1080 695 1120 in
725 1079 761 1120 B
793 1081 883 1121 fieri
914 1081 1044 1134 solet,
1089 1085 1136 1122 ut
1178 1094 1290 1140 nova
1331 1081 1541 1137 quaedam
1584 1081 1725 1137 capita

251 1157 483 1198 maioribus
530 1158 680 1199 litteris
732 1158 991 1212 indicentur,
1043 1158 1086 1200 id
1123 1159 1162 1200 h.
1194 1159 1220 1200 l.
1266 1159 1450 1201 editores
1493 1159 1722 1201 admonere

250 1240 419 1291 poterat
447 1248 551 1276 voce
576 1243 795 1286 potuerunt
824 1237 1064 1278 sucinorum
1097 1251 1189 1279 cum
1222 1237 1478 1293 crystallinis
1506 1237 1722 1278 murrinis-

248 1326 331 1369 que
363 1315 723 1369 comparationem
756 1314 918 1356 absolvi
963 1319 1089 1371 atque
1117 1330 1220 1357 voce
1266 1320 1427 1357 occasio
1477 1314 1530 1356 ad
1577 1315 1722 1357 electri

246 1396 441 1433 naturam
472 1392 652 1435 transiri.
711 1392 862 1448 Itaque
900 1398 996 1449 post
1030 1402 1247 1446 potuerunt
1289 1395 1459 1450 gravius
1498 1394 1718 1449 interpun-

246 1470 432 1526 gendum
476 1471 617 1526 itaque
648 1471 991 1526 prosequendum
1036 1477 1119 1513 est:
1173 1475 1340 1514 Occasio
1372 1498 1423 1503 —-
1457 1474 1722 1523 detegendae.-

246 1553 414 1600 leyenles
441 1575 493 1580 -—
524 1554 758 1591 mirandam.
817 1549 941 1598 Quod
972 1555 1114 1591 autem
1143 1551 1186 1592 in
1216 1551 1366 1592 eodem
1395 1550 1501 1592 libro
1532 1563 1617 1591 non
1647 1563 1719 1591 nos

246 1628 320 1669 sed
350 1642 426 1669 non
457 1629 610 1684 legitur
642 1642 735 1670 cum
769 1629 1045 1670 excusatione
1083 1629 1155 1670 illa
1186 1630 1400 1685 scriptoris
1431 1630 1589 1684 optime
1619 1641 1718 1669 con-

243 1707 427 1761 ciliatur3
462 1722 559 1748 nam
589 1721 673 1748 non
703 1706 906 1763 quidquid
928 1706 1080 1749 Graeci
1123 1706 1348 1763 prodidere
1380 1707 1487 1749 scire
1516 1708 1630 1753 vitae
1656 1706 1718 1748 in-

243 1789 388 1838 terest,
431 1786 505 1827 sed
557 1786 635 1827 hoc
666 1785 780 1841 quod
819 1786 862 1826 in
891 1785 1082 1827 luxuriae
1129 1786 1391 1827 irritamento
1437 1783 1716 1827 describendo

241 1863 530 1919 prodiderunt.
589 1865 696 1905 Tum
727 1863 841 1919 quod
880 1864 921 1904 in
953 1863 988 1904 B
1020 1865 1225 1919 reperitur
1264 1879 1314 1906 ac
1344 1868 1521 1906 lacrimis
1556 1868 1716 1917 temere

239 1944 480 1999 neglectum
527 1947 612 1996 est,
665 1943 957 1984 confirmatum
1004 1944 1176 1998 egregie
1219 1942 1377 1984 codicis
1408 1942 1462 1984 B¹
1510 1941 1717 1997 scriptura

235 2027 451 2074 populose:
491 2021 603 2062 unde
636 2020 814 2062 efficitur
847 2025 1019 2072 populos
1049 2034 1152 2062 esse
1193 2035 1253 2062 ac
1300 2024 1482 2063 lacrimis.
1540 2019 1606 2060 Ne
1635 2018 1715 2060 hoc

239 2100 407 2156 quidem
453 2114 555 2140 casu
607 2099 766 2140 factum
796 2103 860 2140 est
904 2098 1017 2154 quod
1066 2099 1237 2140 nomina
1267 2103 1463 2152 Satyrus,
1514 2100 1716 2139 Nicander

239 2179 394 2220 absunt
425 2192 449 2219 a
477 2178 526 2219 B.
557 2178 707 2233 Neque
738 2177 849 2218 enim
882 2176 1056 2232 Satyrus
1089 2182 1217 2232 poeta
1246 2177 1449 2229 innotuit,
1477 2189 1614 2231 neque
1644 2175 1714 2216 Ni-

237 2256 395 2298 cander
426 2258 535 2298 inter
564 2256 722 2311 primos
753 2260 901 2311 poetas
934 2257 1172 2297 enumerari
1203 2256 1352 2310 potuit.
1392 2255 1541 2311 Neque
1571 2258 1713 2296 tamen

236 2336 406 2378 omnino
440 2335 622 2377 delenda
652 2340 749 2375 sunt
771 2334 989 2375 Plinianae
1021 2334 1241 2376 doctrinae
1271 2334 1467 2390 vestigia,
1499 2332 1573 2374 sed
1604 2344 1713 2387 pone

235 2431 273 2458 v.
305 2430 440 2457 eoram
470 2429 526 2456 sc.
560 2413 819 2455 Graecorum
850 2412 1182 2468 transponenda.

791 2527 1142 2577 32=ibidem

301 2617 419 2668 Nam
456 2618 588 2682 quod
611 2615 896 2680 Aeschylus
932 2617 978 2665 in
1017 2616 1174 2666 Iberia
1216 2614 1331 2673 [hoc
1359 2614 1512 2664 estin
1535 2613 1711 2677 Hispa-

302 2709 400 2764 nia]
458 2706 720 2756 Eridanum
778 2722 889 2755 esse
944 2705 1064 2754 dixit
1102 2733 1162 2740 —
1200 2703 1467 2753 faciliorem
1520 2701 1710 2751 veniam

301 2797 412 2845 iacit
448 2796 655 2861 ignorati
693 2795 850 2844 sucini
887 2795 930 2843 in
971 2798 1106 2843 tanta
1141 2791 1417 2858 ignorantia
1456 2790 1601 2841 orbiS.
