1914 3237
784 195 902 232 Liber
917 194 1085 232 XXIII.
1587 188 1666 231 125

258 323 516 380 ἐκταράσσει
546 325 716 366 κοιλίαν
746 327 819 365 καὶ
848 321 1150 376 ἐμπνευματοῖ
1177 321 1421 376 στόμαχον,
1453 321 1666 365 Dioscori-

205 402 279 443 des
310 404 368 443 ait
398 402 446 442 V.
476 403 501 443 3
531 402 557 441 i.
576 415 634 442 e.:
677 414 757 440 rec.
788 403 1034 441 stomachum
1061 403 1447 451 spiritur-inflatione
1476 408 1511 439 el
1540 404 1667 439 alvum

204 484 378 520 tin-bant.
415 478 739 529 (spirilummale
770 478 890 519 codd.
922 478 1104 527 habent)
1138 478 1236 530 §.21
1267 491 1350 517 non
1384 482 1668 528 ampeloleucen

205 556 279 596 sed
310 560 489 606 ampelon
524 560 657 595 leucen
688 555 955 596 scribendum
987 560 1064 606 est,
1104 553 1214 608 quod
1246 553 1338 594 cod.
1371 567 1395 594 a
1426 568 1463 596 a.
1495 558 1668 606 lenonem,

201 634 488 688 incorruptum
519 632 545 673 d
576 633 752 687 praebet
782 637 824 673 et
853 631 965 686 quod
995 631 1036 670 in
1066 630 1205 672 indice
1237 631 1360 671 huius
1396 631 1491 672 libri
1522 632 1669 672 ablati-

202 711 264 751 vis
285 724 309 751 a
328 710 367 757 R
387 712 551 752 divisim
576 711 740 765 scriptis
763 718 805 750 et
834 711 926 750 loco
958 708 1098 750 Diosc.
1117 710 1182 750 IV.
1220 709 1298 751 is&
1326 709 1538 763 probatur.
1569 709 1670 762 §.26

203 796 289 828 ure!
347 797 495 835 (melec
552 797 598 833 a)
662 802 745 829 non
804 792 908 828 vitiet
965 800 1058 826 cum
1113 786 1151 826 V
1208 787 1434 841 legendum
1493 786 1669 829 videtur.

205 868 268 920 ἓξ.
300 868 462 910 37ὴ42
501 868 541 907 in
579 865 906 907 chrestomathia
948 880 984 919 p.
1016 865 1097 907 234
1128 868 1233 918 sqq.'
1255 865 1548 915 tractavimus,
1600 865 1670 904 ubi

204 946 240 998 ξ.
273 946 325 987 38
353 958 470 996 posse
499 959 599 985 casu
631 945 833 984 omissum
863 948 939 984 est.

779 1025 839 1070 44
877 1039 919 1057 Ξ
960 1024 1083 1078 123.

274 1108 459 1159 Utiliter
496 1114 543 1157 et
580 1110 775 1158 fovetur
826 1109 937 1157 vinc
975 1107 1134 1157 calido
1187 1107 1385 1156 virilitas
1421 1108 1670 1167 iumentis3

268 1197 477 1246 infusum
513 1201 673 1245 autem
712 1212 861 1246 cornu
900 1197 956 1245 iis
994 1196 1331 1245 lassitudinem
1370 1197 1540 1247 aufert.

311 1285 615 1339 Interpolatum
654 1285 791 1325 locum
823 1283 907 1325 Sill.
952 1283 1089 1336 dedit,
1135 1297 1318 1338 namque
1358 1283 1526 1324 codices
1567 1284 1672 1325 haec

204 1363 382 1404 habent:
430 1365 564 1411 infusa
597 1377 723 1403 cornu
766 1366 782 1408 (
790 1375 935 1403 cornus
970 1362 1031 1416 Θ)
1074 1365 1340 1402 lossilztde'nem
1369 1366 1557 1411 aufermzl
1590 1363 1673 1411 (sic

206 1444 257 1494 Θ,
287 1450 355 1481 auc
381 1446 470 1492 peri
500 1441 538 1481 V
569 1442 722 1488 auferri
747 1440 813 1492 df,
845 1454 949 1495 quos
981 1441 1217 1480 accuratius
1254 1445 1423 1481 secutus
1454 1442 1581 1481 Ianus
1613 1445 1672 1480 in-

198 1522 289 1567 fuso
322 1533 445 1560 cornu
473 1523 741 1559 lassilude‘nem
772 1521 926 1567 auferri
958 1518 1145 1573 scripsit,
1183 1519 1242 1558 ita
1272 1518 1431 1559 scilicet
1462 1523 1508 1558 ut
1537 1518 1672 1558 infini-

205 1598 314 1638 tivus
346 1611 371 1638 a
402 1598 593 1652 proximo
626 1597 753 1637 verbo
784 1604 927 1647 neymzc
955 1602 1140 1651 regatur.
1200 1597 1329 1651 Atqui
1361 1590 1543 1651 ,adipem
1576 1597 1672 1637 vino

205 1675 378 1716 mixtam
402 1676 444 1715 in
461 1674 605 1715 fauces
623 1675 820 1715 infusam‘
850 1675 1088 1716 lassitudini
1109 1674 1294 1715 remedio
1326 1689 1419 1715 esse
1440 1674 1675 1715 Columella

208 1753 276 1793 VI.
295 1753 349 1796 30
378 1753 534 1794 diserte
566 1753 751 1793 tradidit.
782 1739 1126 1807 Interpu'netione
1158 1757 1339 1806 mutata,
1370 1767 1468 1794 nam
1498 1753 1673 1794 virilitas

204 1831 419 1872 hominum
451 1837 527 1883 est,
559 1845 640 1871 non
674 1831 978 1882 iumentorum,
1011 1831 1166 1871 scribe:

260 1924 295 1949 u.
325 1924 355 1949 e.
383 1913 415 1958 ll
437 1923 472 1949 v.
492 1924 525 1950 e.
540 1913 720 1957 virilitas,
752 1913 929 1949 immeritis
958 1912 1091 1957 Infima
1123 1914 1195 1956 (sc.
1230 1913 1335 1956 vina)
1367 1923 1490 1949 cornu
1519 1914 1675 1950 lassitu-

258 1992 384 2029 dinem
413 1991 613 2037 auferunt.

782 2081 842 2126 47
969 2080 1091 2136 1,24.

268 2166 349 2213 Ad
388 2166 549 2215 omnia
600 2167 724 2214 haec
760 2165 922 2214 utilius
974 2165 1020 2212 id
1059 2165 1190 2229 quod
1246 2169 1421 2230 sponte
1474 2170 1672 2213 naturae

265 2269 382 2302 suae
419 2255 613 2318 piceum
651 2254 818 2317 resipit
862 2254 1172 2318 picatumque
1214 2252 1514 2318 appellatum
1567 2252 1674 2301 hel-

265 2358 487 2392 vennacc
524 2348 682 2390 tamen
720 2342 869 2391 nimio
907 2347 1053 2406 caput
1089 2342 1310 2406 temptari
1350 2342 1594 2391 convenit.

312 2430 445 2471 codd.
487 2433 524 2473 Θ
559 2430 592 2471 V
622 2431 657 2470 T
692 2435 846 2481 piceum
887 2430 911 2469 d
944 2435 984 2470 et
1015 2430 1228 2470 Barbarus
1267 2435 1398 2481 picem
1438 2455 1485 2459 ,ἡ
1530 2433 1673 2469 Helven

199 2521 376 2560 cypacro
406 2517 582 2549 columen
617 2508 653 2547 V
683 2512 819 2548 leelven
852 2522 1028 2559 eypaero
1060 2522 1136 2558 quo
1168 2517 1295 2547 [anien
1324 2508 1370 2560 d,
1408 2508 1520 2548 unde
1559 2513 1673 2548 recte

199 2586 327 2626 Ianus
358 2590 396 2627 in
427 2601 540 2638 myro,
572 2600 649 2637 quo
682 2596 810 2626 lumen
840 2586 993 2638 elicuit,
1025 2586 1065 2625 in
1099 2599 1224 2640 quam
1259 2585 1600 2626 emendationem
1632 2590 1674 2625 et

198 2663 289 2718 ipse
348 2664 446 2704 olim
504 2663 746 2704 incideram.
805 2663 943 2703 Minus
986 2662 1087 2702 felix
1127 2669 1191 2704 est
1251 2665 1384 2704 altera
1414 2679 1451 2705 v.
1494 2664 1532 2703 d.
1573 2677 1672 2704 con-

197 2742 381 2795 iectura,
440 2756 523 2798 qua
582 2745 785 2782 Helvetico
840 2742 924 2795 legi
977 2742 1120 2782 voluit.
1178 2741 1391 2784 Helvetici
1438 2743 1549 2782 enim
1590 2742 1671 2781 vini

197 2820 312 2860 nulla
354 2819 441 2860 fere
491 2820 621 2860 virtus
658 2818 876 2869 laudatur,
941 2824 984 2859 at
1031 2821 1204 2861 summis
1245 2820 1441 2862 laudibus
1485 2834 1536 2860 ea
1574 2820 1672 2860 vina

1700 1029 1780 1072 496

1702 2089 1782 2132 497
