1914 3237
762 220 892 263 Liber
918 221 960 265 I.
991 221 1064 262 Il.
1623 217 1650 258 7

170 353 373 402 tempora
401 352 618 388 nocturna
647 357 777 396 esse,
805 345 847 387 id
880 345 1043 387 clarius
1074 344 1204 385 etiam
1231 343 1529 385 additamento
1561 353 1644 384 suo

169 425 379 468 indicavit
415 425 637 467 librarius.
708 425 755 465 ln
795 423 882 464 fine
923 436 1086 465 sensus
1121 421 1344 462 Heraeum
1384 422 1511 476 sequi
1551 433 1643 462 ma·

165 502 261 553 lim,
307 504 380 558 qui
415 510 612 545 veterem
643 502 912 558 scripturam
942 515 998 543 ne
1035 499 1161 562 quid
1195 499 1400 540 vestris
1437 499 1643 554 putetis

165 581 366 623 restituit.

764 719 960 775 LIBER
991 719 1032 775 1.

855 834 935 881 35.
1664 838 1692 878 6

230 933 335 1002 (Ex
365 934 668 1000 auctoribus)
702 934 875 983 Cassio
914 934 1103 983 Severo
1139 931 1444 996 Longulam,
1482 929 1639 978 Fabio

227 1025 416 1072 Vestali
462 1025 560 1089 qui
608 1025 677 1074 de
719 1025 968 1090 pictura
1012 1022 1287 1088 scripsit.
1374 1021 1639 1070 Externis:

225 1116 459 1180 Pasitele,
487 1116 530 1163 A
544 1132 575 1180 p
589 1116 704 1163 elle
745 1128 830 1163 etc.

268 1227 576 1284 Longulanum
623 1240 649 1268 a
688 1226 848 1270 Cassio
900 1227 1070 1269 Severo
1117 1225 1341 1266 diversum
1384 1238 1488 1267 esse
1534 1226 1639 1267 vidit

155 1307 378 1363 Bergkius
408 1307 528 1362 apud
555 1305 845 1349 Ritschelium
879 1306 1062 1359 Parerg.
1100 1304 1238 1346 Plaut.
1266 1319 1308 1359 p.
1328 1303 1400 1344 40.
1433 1304 1476 1346 A
1498 1304 1637 1346 Fabio

155 1394 304 1428 autem
322 1386 497 1429 Vestali
526 1399 580 1428 ea
610 1400 724 1441 quae
756 1386 957 1440 proxime
987 1392 1232 1439 sequuntur
1254 1383 1476 1425 vocabula
1494 1384 1637 1425 aliena

155 1478 260 1507 esse
290 1465 569 1508 manifestum
589 1474 669 1507 est.
712 1467 822 1506 Nam
855 1478 985 1519 quum
1018 1463 1147 1504 etiam
1178 1463 1221 1503 in
1252 1462 1395 1505 indice
1424 1464 1635 1505 librorum

154 1544 246 1586 Vll.
262 1544 468 1589 XXXIV.
490 1545 696 1587 XXXVI.
729 1551 1111 1592 commemoretur,
1144 1549 1334 1596 apparet
1361 1557 1459 1583 eum
1493 1543 1633 1583 maius

153 1623 374 1678 quoddam
406 1637 520 1678 opus
553 1625 884 1679 composuisse,
917 1637 1002 1678 quo
1035 1622 1090 1662 de
1120 1621 1210 1662 vita
1239 1620 1335 1661 fere
1361 1621 1514 1676 populi
1542 1621 1633 1662 Ro-

151 1701 267 1741 mani
298 1708 341 1742 et
365 1702 486 1743 urbis
510 1704 801 1745 monumentis
834 1703 876 1743 in
907 1701 1160 1743 universum
1194 1699 1498 1754 disputaverit.
1546 1700 1637 1741 Ac-

156 1780 276 1821 cedit
307 1781 558 1836 scripturae
587 1782 628 1821 in
653 1782 883 1823 codicibus
914 1778 1229 1832 discrepantia,
1262 1791 1446 1833 quorum
1476 1778 1511 1820 B
1541 1786 1583 1820 et
1607 1792 1634 1820 a

149 1858 264 1900 haec
293 1860 431 1900 verba
465 1873 580 1913 pone
609 1859 822 1901 Externis
859 1857 1098 1902 collocant.
1166 1857 1362 1898 Fuerant
1393 1858 1525 1912 igitur
1558 1871 1631 1898 an-

149 1937 328 1992 tiquitus
355 1938 398 1979 in
429 1938 627 1993 margine
659 1938 915 1992 adscripta,
956 1937 1073 1977 unde
1105 1943 1262 1991 postea
1292 1936 1393 1978 loco
1424 1938 1631 1992 inoppor-

150 2024 255 2059 tuno
284 2018 451 2059 inserta
483 2025 598 2059 sunt.
660 2017 776 2066 Quid
806 2015 968 2058 multa?
1028 2015 1321 2057 Scribendum
1358 2022 1445 2058 est:

203 2118 341 2161 Fabio
362 2119 542 2162 Vestali.
563 2119 799 2160 Externis:
821 2119 1021 2173 Pasitele‚
1040 2117 1191 2174 Apelle
1219 2117 1310 2179 qui
1337 2116 1396 2158 de
1417 2116 1628 2172 pictura

201 2199 418 2255 scripsit
449 2197 530 2253 (cf.
546 2198 734 2240 XXXV.
754 2199 844 2253 7³).

733 2356 929 2416 LIBER
962 2359 1027 2416 11.

753 2474 944 2536 19=7,
958 2474 1004 2522 5.
1646 2480 1673 2520 7

211 2589 378 2656 Agere
410 2606 576 2639 curam
606 2605 773 2638 rerum
802 2588 1118 2637 humanarum
1140 2586 1261 2636 illud
1289 2584 1524 2651 quidquid
1545 2590 1622 2633 est

209 2699 467 2744 summum,
505 2699 628 2730 anne
664 2688 762 2730 tam
791 2679 919 2728 tristi
949 2687 1094 2744 atque
1123 2677 1378 2742 multiplici
1406 2675 1620 2725 ministe-

207 2773 282 2821 rio
327 2789 424 2822 non
459 2772 612 2839 pollui
667 2771 925 2820 credamus
971 2769 1404 2820 dubitemusne
1421 2766 1449 2815 ⁶?
1520 2766 1620 2814 Vix

209 2880 402 2929 prope
438 2871 515 2913 est
542 2863 781 2925 iudicare,
810 2869 974 2912 utrum
1006 2860 1158 2926 magis
1190 2860 1432 2909 conducat
1450 2855 1620 2923 generi
