1914 3237
225 1639 305 1681 167

230 2493 309 2535 168

320 151 400 194 134
912 150 1043 194 Liber
1073 151 1117 194 V
1115 150 1188 194 II.

321 274 597 318 coniunctum
634 272 794 315 fuisse:
832 287 945 330 quae
974 282 1118 316 autem
1150 272 1222 315 hic
1250 285 1276 314 a
1307 271 1443 313 Plinio
1473 275 1730 319 narrantur,
1763 280 1788 309 e

322 353 497 394 Graeco
528 352 646 394 fonte
665 352 898 396 fluxerunt.
935 353 1203 394 Libertatem
1239 360 1382 393 tamen
1415 350 1605 391 humano
1636 346 1789 402 generi

322 431 557 485 ingenitam
584 430 767 471 inveniri
797 445 884 471 non
917 431 1115 484 potuisse
1130 436 1333 484 apparet,
1365 442 1494 483 quum
1510 426 1660 467 variae
1684 423 1787 465 civi·

323 517 456 550 tatum
487 507 658 549 formae
689 515 730 548 et
760 508 986 548 servitudo
1024 507 1136 548 infra
1167 507 1315 564 §.wo
1353 506 1469 548 haud
1497 506 1645 559 inepte
1676 503 1790 544 inter

324 589 499 630 inventa
543 594 864 630 enumerentur.
944 586 1066 628 Sicut
1107 587 1237 641 igitur
1278 585 1418 627 Ceres
1463 584 1681 626 frumenta
1727 581 1791 622 in·

324 668 463 721 venit,
502 668 560 708 ita
592 665 799 707 Bacchus
827 665 976 706 vitium
1007 664 1221 706 culturam
1247 672 1290 707 et
1324 663 1566 706 vindemias
1592 661 1794 702 homines

324 745 531 787 docuisse
551 744 820 798 perhibetur,
843 743 902 783 ita
920 750 964 783 ut
980 742 1160 783 deorum
1180 743 1357 783 inventa
1372 741 1597 793 Mercurii,
1618 737 1793 787 Bacchi,

327 823 504 865 Cereris
536 823 649 863 infra
679 823 715 878 ξ.
740 822 832 862 199.
868 823 922 862 ab
952 821 1200 862 hominibus
1232 820 1414 873 Poenis,
1442 817 1679 871 Eumolpo,
1711 816 1791 857 Bu-

325 915 438 957 zyge
455 909 497 941 et
512 899 780 955 Triptolemo
803 900 978 940 exculta
994 911 1096 940 esse
1116 906 1363 939 narrentur.
1395 896 1544 943 Quare
1560 894 1794 949 legendum

326 980 519 1021 videtur:

381 1057 540 1097 Emere
566 1069 618 1096 ac
646 1053 833 1094 vendere
865 1053 1053 1093 instituit
1081 1052 1396 1102 Mercurius,
1427 1050 1667 1092 vindemias
1697 1047 1795 1103 (vel

383 1134 534 1174 vitium
567 1133 805 1188 culturam)
837 1132 969 1173 Liber
994 1138 1132 1188 pater.

438 1236 474 1291 ᾗ.
498 1235 588 1275 197.
619 1248 699 1288 pro
717 1232 866 1273 Eaclis
888 1246 912 1273 e
935 1231 1034 1274 cod.
1057 1240 1090 1273 Θ
1120 1230 1311 1271 lectione
1339 1229 1484 1270 Aeolis
1512 1229 1796 1270 scribendum

327 1315 499 1355 videtur
517 1312 689 1353 Aeolus.
746 1311 784 1366 ξ.
803 1310 898 1351 201.
931 1323 1030 1351 cum
1050 1309 1231 1349 Osanno
1264 1307 1331 1349 Ι.1.
1355 1322 1393 1362 p.
1408 1306 1502 1349 395.
1533 1314 1635 1362 post
1662 1305 1797 1362 pilum

327 1390 577 1432 Pilumnum
607 1389 830 1430 excidisse
862 1394 1076 1442 putarem,
1105 1386 1188 1426 nisi
1221 1385 1442 1427 Pilumnus
1474 1385 1676 1440 pinsendi
1707 1384 1797 1425 sru-

326 1469 457 1510 menti
494 1475 653 1509 auctor
693 1468 748 1508 ab
779 1480 998 1508 armorum
1037 1466 1287 1507 inventione
1327 1464 1496 1507 alienus
1539 1478 1641 1507 esse
1676 1465 1797 1506 vide·-

327 1554 457 1589 retur.

873 1645 967 1693 193
988 1669 1038 1689 =
1057 1644 1253 1692 ibidem.

398 1747 669 1798 Anticlides
706 1746 755 1795 in
792 1748 1020 1811 Aegypto
1056 1744 1301 1794 invenisse
1337 1743 1575 1809 quendam
1606 1744 1799 1793 nomine

398 1839 612 1886 Menon
669 1835 817 1884 tradit
860 1836 954 1884 XV
1000 1835 1049 1882 M
1095 1851 1329 1882 annorum
1382 1842 1492 1881 ante
1537 1835 1799 1883 Phoronea

400 1926 785 1992 antiquissimum
818 1926 1062 1974 Graeciae
1099 1942 1264 1988 regem
1296 1925 1442 1989 idque
1477 1926 1801 1974 monumentis

400 2020 672 2083 approbare
705 2023 922 2065 conatur.

441 2129 595 2170 Verbo
643 2128 866 2169 monuisse
914 2126 1127 2176 sufficiet,
1183 2125 1318 2166 scribi
1364 2132 1574 2179 oportere
1622 2126 1801 2177 Meneni,

333 2220 462 2264 quem
500 2207 683 2260 primum
724 2205 912 2245 omnium
960 2217 1111 2257 regem
1151 2202 1321 2243 litteras
1360 2203 1396 2244 si
1435 2217 1521 2245 non
1565 2205 1803 2254 invenisse,

334 2293 378 2326 at
397 2291 518 2326 certe
547 2284 632 2324 iam
658 2282 840 2324 novisse
870 2288 1050 2336 praeter
1069 2279 1181 2321 alios
1202 2280 1646 2334 monuitBunsenius,
1678 2295 1805 2337 quein

332 2363 517 2406 honoris
548 2374 684 2403 causa
715 2361 907 2411 nomino,
937 2360 1134 2414 Aegypt,
1166 2357 1253 2400 vol.
1284 2358 1315 2399 1.
1347 2357 1501 2413 p.364.

883 2471 981 2519 212
1006 2495 1052 2513 =
1078 2470 1157 2531 60,
1181 2469 1260 2518 60.

403 2590 430 2621 a
466 2575 688 2622 columna
720 2572 914 2620 Maenia
959 2572 1019 2619 ad
1058 2587 1332 2620 carcerem
1382 2571 1608 2620 inclinato
1643 2571 1805 2621 sidere

401 2680 682 2727 supremum
721 2661 1062 2728 pronuntiavit.

445 2773 534 2814 lam
564 2785 601 2812 a.
631 2772 749 2813 1846.
781 2773 823 2813 in
854 2786 971 2816 novo
1002 2787 1157 2816 museo
1186 2772 1403 2815 Rhenano
1435 2772 1523 2816 vol.
1546 2773 1621 2815 lv.
1650 2772 1810 2832 2639,
