1914 3237
718 155 850 198 Liber
879 157 994 199 Vll.
1513 154 1593 195 125

118 276 264 332 aliquo
297 291 515 320 successu
546 279 913 328 intumescerent,
954 293 1004 319 se
1043 280 1167 332 ipsos
1203 293 1284 333 pro
1326 279 1420 320 deis
1456 277 1592 319 habe·

117 355 235 397 bant.
301 357 488 397 Tmnens
515 358 628 398 euim
655 370 754 398 cum
786 357 899 399 Rob.
929 358 1187 398 restituatur
1217 372 1328 411 opus
1360 366 1443 409 est,
1476 359 1592 413 quod

116 432 274 475 lineola
300 435 398 475 voci
433 425 574 476 tuine-s
606 434 813 489 imposita
844 442 1146 476 evanescente
1165 436 1206 475 in
1228 437 1469 476 secundam
1491 449 1591 490 per-

116 526 269 554 sonam
303 511 661 553 transsormatum
683 520 767 557 est,
817 513 905 554 Iam
938 526 992 554 en
1023 513 1099 554 tibi
1133 521 1417 567 persanatum
1449 514 1593 557 locum

114 592 263 633 adhuc
295 605 322 633 a
353 592 527 633 nemine
558 592 844 633 intellectum.

720 671 783 719 45
801 697 850 716 =
869 670 916 732 S,
937 671 982 718 6.
1618 678 1699 719 155

182 760 477 826 (Agrippa)
521 761 727 809 adversa
761 761 942 825 pedum
973 760 1267 822 valetudine,
1309 760 1489 808 misera
1518 760 1591 809 iu-

179 858 338 912 venta,
364 851 585 900 exercito
618 868 737 900 aevo
774 852 902 900 inter
932 869 1064 900 arma
1097 859 1408 916 mortesque
1444 854 1590 901 obno-

181 941 264 990 xi0
296 957 516 1002 accessu,
547 941 730 989 infelici
759 941 906 989 terris
938 941 1172 1007 stirpe...
1204 950 1462 1007 praeterea
1481 944 1590 991 bre-

180 1032 330 1080 vitate
370 1031 503 1091 aevi,
552 1031 952 1095 quinquagesimo
994 1049 1091 1080 uno
1140 1039 1309 1096 raptus
1353 1049 1588 1081 anno....

178 1120 328 1168 luisse
361 1119 615 1184 augurium
652 1121 963 1185 praeposteri
993 1122 1165 1169 natalis
1200 1122 1522 1170 existimatur.

223 1210 368 1251 Recte
408 1209 602 1265 Silligius
641 1211 924 1253 coniecturas
960 1225 987 1252 a
1016 1211 1230 1254 VV.DD.
1271 1213 1470 1267 prolatas
1510 1214 1590 1255 im-

112 1290 318 1343 probavit
348 1299 390 1331 et
421 1304 444 1331 e
476 1290 602 1331 codd.
624 1290 930 1345 R(Murbae.)
959 1292 1221 1346 quibuscum
1253 1292 1442 1334 Parisini
1471 1294 1591 1349 apud

113 1368 381 1409 Harduinum
403 1369 694 1419 consentiunt,
721 1369 944 1423 scriptura
970 1369 1161 1411 adnoxio
1187 1371 1361 1426 recepit
1391 1371 1588 1426 obnoxio,

112 1447 228 1502 quod
251 1447 332 1487 iam
350 1445 596 1488 Salmasius
629 1446 900 1498 coniecerat,
931 1455 1063 1503 atque
1093 1449 1134 1489 in
1153 1449 1249 1489 cod.
1268 1464 1290 1490 r
1313 1449 1429 1491 hanc
1447 1450 1588 1505 ipsam

110 1524 346 1567 lectionem
378 1525 562 1566 inveniri
593 1526 749 1575 tradit,
779 1539 891 1580 quae
923 1539 1032 1567 sane
1063 1527 1104 1567 in
1137 1528 1238 1569 edit.
1267 1528 1468 1583 Lugdun.
1501 1543 1590 1570 non

111 1612 359 1646 annotatur.
403 1605 544 1652 Quam
569 1611 714 1644 autem
739 1603 1079 1657 explicationem
1106 1604 1275 1659 profert
1297 1606 1364 1647 vir
1388 1607 1589 1649 doctissi-

111 1695 224 1732 mus,
246 1682 491 1736 Agrippam
522 1681 663 1734 ipsam
695 1681 752 1720 ad
783 1689 949 1723 mortes
966 1684 1219 1725 accessisse
1241 1684 1484 1727 Octaviano
1509 1687 1590 1727 ob-

111 1760 305 1810 noxium,
332 1759 439 1801 ferri
468 1759 664 1800 fortasse
689 1761 999 1810 concederem,
1032 1762 1069 1802 si
1101 1762 1312 1803 obnoxius
1341 1764 1589 1818 legeretur:

112 1854 269 1882 aevum
306 1840 449 1894 ipsum
484 1840 721 1881 obnoxium
754 1840 1000 1882 Octaviano
1038 1841 1151 1882 inter
1186 1855 1309 1884 arma
1341 1851 1383 1883 et
1424 1851 1590 1885 mortes

110 1920 170 1960 ita
202 1919 409 1960 exerceri
443 1919 592 1973 nequit
623 1925 669 1959 ut
696 1918 752 1959 ad
785 1919 966 1959 easdem
995 1920 1195 1963 accedat.
1254 1921 1364 1961 Nam
1398 1923 1497 1963 dum
1530 1924 1590 1964 in-

112 2007 179 2040 ter
209 2012 330 2039 arma
360 2005 577 2050 versatur,
609 1998 679 2052 qui
711 1999 889 2039 tandem
922 1999 1079 2040 eadem
1111 1999 1234 2040 adire
1262 2001 1453 2054 poterit?
1489 2002 1590 2043 Una

109 2076 255 2118 littera
272 2083 436 2118 mutata
452 2076 736 2117 scribendum
756 2085 824 2117 est
840 2091 882 2115 m
895 2077 1138 2138 ortisque
1156 2076 1241 2117 hoc
1255 2091 1412 2120 sensu:
1431 2092 1587 2122 aevum

109 2159 164 2199 ab
191 2157 394 2213 Agrippa
426 2155 539 2196 inter
578 2169 701 2196 arma
739 2156 984 2197 exercitum
1019 2164 1061 2197 et
1100 2157 1160 2197 ita
1196 2157 1349 2198 mortis
1380 2159 1587 2200 accessui

108 2248 288 2289 semper
318 2234 557 2276 obnoxium
588 2233 680 2276 suit.
719 2233 887 2274 Eodem
920 2234 1033 2274 enim
1067 2234 1197 2275 modo
1230 2248 1316 2288 quo
1347 2238 1516 2289 „morbi
1544 2245 1588 2280 et

110 2312 296 2353 febrium
328 2316 579 2353 accessus“
606 2310 722 2352 infra
741 2311 944 2352 XXVIII.
974 2311 1041 2353 46.
1074 2320 1117 2353 et
1146 2315 1263 2367 apud
1295 2314 1407 2356 Gell.
1439 2315 1513 2360 IV.
1543 2317 1584 2361 2.

109 2396 410 2443 usurpatutur‚
436 2404 556 2431 mors
577 2391 749 2445 quoties
768 2389 901 2442 armis
918 2388 1255 2445 confligebatur,
1271 2393 1326 2432 ad
1342 2393 1585 2450 Agrippam

108 2469 362 2511 accessisse
394 2469 563 2512 dicitur.
621 2468 905 2520 „Accessu‘4
935 2468 1066 2523 igitur
1094 2471 1267 2513 tertium
1300 2486 1451 2514 casum
1481 2487 1585 2517 esse

108 2555 308 2603 apparet.

673 2627 736 2674 51
758 2647 808 2670 =
831 2626 910 2687 12,
936 2626 1015 2674 10.
1606 2645 1688 2688 155

176 2716 507 2765 Indubitatum
541 2718 817 2782 exemplum
854 2724 929 2765 est
957 2718 1173 2767 Nicaei
1210 2720 1384 2769 nobilis
1402 2729 1581 2787 pyctae

174 2805 402 2870 Byzantii
422 2807 572 2872 geniti
592 2807 671 2872 qui
696 2836 759 2844 —
781 2824 922 2858 avum
943 2809 1250 2873 regeneravit
1266 2811 1579 2878 Aethiopem.
