1914 3237
710 167 827 207 Liber
869 167 1072 206 XXXIV.
1547 159 1629 205 219

161 295 318 337 XXIV.
364 299 402 348 1,
443 295 666 338 XXXVII.
698 295 763 338 59.
834 294 927 336 Hoc
972 307 1137 349 quoque
1177 295 1268 335 loeo
1306 293 1374 346 ,de
1420 293 1631 335 discordia

164 387 300 414 rerum
344 374 653 428 concordiaque
694 387 819 427 quam
860 372 1123 426 antipathian
1155 372 1306 413 Graeci
1345 385 1551 413 vocavere
1582 385 1629 412 ac

163 451 444 506 sympathian‘
484 452 686 506 cogitavit
724 450 997 505 scripsitque:
1037 453 1138 490 lmec
1168 459 1223 490 est
1253 464 1414 489 rerum
1447 465 1482 490 a.
1517 454 1562 490 (ι’.
1594 464 1629 489 a.

163 532 197 570 (l.
236 532 379 569 Fereml
408 532 602 581 quidem,
634 542 730 569 nam
763 528 822 570 sic
852 541 936 568 non
967 530 1125 579 quidam
1160 527 1287 568 etiam
1312 527 1348 567 B
1379 525 1520 569 habet.

723 658 812 704 157
833 678 891 697 =
917 658 1069 712 16,st
1660 663 1738 705 757

227 744 338 793 ideo
376 745 419 791 in
469 743 671 792 calathis
709 743 884 806 quibus
922 757 1089 791 aurun]
1129 742 1373 805 colligitur
1425 756 1532 790 curn
1571 755 1629 789 eo

232 838 494 890 remanent,
534 837 705 896 postea
743 831 943 880 caminis
981 835 1267 895 separantur
1302 828 1387 878 rel.

272 919 338 960 De
380 919 550 960 calculis
589 919 747 974 plumbi
786 919 916 974 nigris
958 932 1095 960 sermo
1135 923 1223 970 est,
1272 918 1407 973 iisque
1446 917 1631 958 nondum

164 998 368 1041 conflat-is.
428 997 571 1045 Quare
603 997 765 1038 Graeco
798 1010 912 1049 vase,
944 1010 1025 1052 quo
1057 995 1212 1037 ferrum
1242 995 1361 1036 fundi
1392 995 1633 1051 Hesychius

165 1090 195 1115 s.
228 1090 265 1115 v.
296 1075 459 1123 retulit„
506 1075 573 1116 hic
614 1075 782 1130 quidem
815 1076 931 1116 locus
970 1088 1053 1115 non
1086 1078 1173 1126 est,
1224 1087 1360 1129 neque
1390 1073 1433 1114 id
1466 1078 1634 1128 praeter

162 1152 285 1193 codd.
320 1153 497 1193 Barbari
529 1167 632 1207 quos
665 1167 748 1193 non
780 1154 888 1193 inter
918 1153 1099 1208 optimos
1130 1152 1261 1193 fuisse
1293 1151 1540 1206 putaverim,
1569 1165 1633 1191 re-

164 1231 536 1285 centissimumque
597 1230 621 1271 h
663 1231 949 1271 Parisiensem
998 1231 1039 1271 in
1087 1230 1172 1272 ullo
1224 1229 1368 1271 codice
1415 1230 1633 1282 reperitur.

164 1312 317 1349 cubatis
347 1308 476 1350 habet
507 1309 546 1359 d,
580 1314 720 1349 colatis
743 1312 773 1347 V
793 1309 844 1361 R,
876 1313 1019 1349 Cululis
1040 1308 1076 1349 B
1106 1309 1130 1349 i.
1163 1322 1197 1348 e.
1229 1312 1464 1348 scutulis.
1494 1307 1634 1348 Etiam

116 1365 126 1376 ι
164 1387 215 1427 de
249 1391 390 1427 catinis
422 1387 598 1440 cogitari
629 1387 726 1427 licet
757 1387 819 1427 cll.
850 1386 1055 1427 XXXIII.
1077 1386 1152 1438 69,
1186 1399 1329 1427 verum
1361 1390 1403 1426 et
1434 1385 1634 1426 remotius

164 1476 228 1505 est
262 1479 287 1505 a
326 1465 559 1505 litterarum
608 1465 802 1505 ductibus
851 1478 955 1520 quos
996 1465 1123 1506 etiam
1168 1466 1208 1504 in
1248 1464 1399 1505 vitiosa
1437 1464 1633 1505 librorum

167 1544 374 1597 scriptura
412 1543 648 1596 religiosius
683 1543 801 1597 sequi
833 1557 905 1597 par
945 1548 1028 1595 est,
1069 1549 1110 1582 et
1140 1542 1210 1582 illo
1249 1541 1417 1597 quidem
1456 1542 1548 1583 loco
1582 1541 1636 1582 ad

169 1634 316 1661 aurum
348 1634 432 1661 non
464 1620 746 1675 colligendum
780 1620 855 1662 sed
885 1620 1152 1675 coquendum
1183 1619 1373 1661 adhiberi
1404 1619 1594 1661 traditur.

755 1746 1086 1800 164=17‚49.
1665 1758 1747 1803 758

234 1830 382 1894 Nigro
436 1830 634 1895 plumbo
677 1859 731 1864 —-
772 1831 945 1879 utimur
975 1859 1034 1866 —
1075 1837 1212 1879 eruto
1251 1860 1307 1865 ——-
1349 1832 1394 1879 in
1449 1831 1637 1879 Britan-

235 1920 308 1967 nia
347 1947 406 1954 —
446 1920 570 1967 adeo
609 1920 744 1983 large
794 1924 840 1967 ut
879 1918 957 1967 lex
997 1919 1120 1968 ultro
1160 1918 1372 1976 dicatur,
1429 1935 1488 1967 ne
1528 1918 1636 1983 plus

234 2012 366 2056 certo
407 2007 554 2056 niodo
594 2006 689 2055 liat.

276 2095 357 2142 Qui
390 2109 522 2149 nuper
553 2095 604 2136 de
641 2095 887 2150 plumbariis
926 2095 967 2135 in
998 2095 1220 2136 Britannia
1250 2096 1430 2136 metallis
1466 2095 1636 2149 egregie

167 2173 410 2228 disputavit,
445 2173 674 2213 Hiibnerus
705 2174 744 2212 in
778 2187 881 2212 inus.
914 2173 1046 2215 Rhen.
1074 2173 1171 2215 XII.
1197 2188 1233 2227 p.
1251 2174 1331 2216 349
1349 2173 1477 2214 verba
1508 2179 1636 2223 ,ut—

168 2251 343 2292 dicatur‘
382 2258 467 2291 tam
513 2251 693 2292 obscura
733 2250 811 2291 sibi
850 2251 982 2291 videri
1020 2252 1264 2305 pronuntiat
1306 2256 1352 2292 ut
1389 2251 1502 2292 haud
1532 2252 1637 2292 sciat

168 2342 220 2369 an
252 2329 428 2369 Brunnii
460 2329 702 2370 coniectura
732 2334 792 2381 ,ut
823 2329 917 2384 lege
941 2328 1231 2370 interdicatur‘
1263 2330 1405 2370 multis
1423 2329 1636 2384 probetur.

170 2408 307 2462 Atque
339 2421 422 2447 non
454 2406 634 2448 obscura
674 2412 837 2448 tantum
869 2412 933 2447 est
964 2407 1059 2448 talis
1097 2407 1232 2448 oratio
1265 2407 1339 2448 sed
1370 2407 1439 2448 vix
1472 2407 1636 2459 Latina,

168 2498 278 2540 quae
317 2491 457 2526 tamen
513 2499 594 2525 non
655 2485 879 2526 audaciore
938 2485 1009 2525 illa
1061 2486 1293 2526 mutatione
1352 2485 1427 2526 sed
1486 2485 1637 2526 lacuna

167 2563 307 2618 potius
349 2563 520 2617 expleta
565 2563 704 2603 sanari
734 2563 935 2604 videatur.
997 2563 1134 2611 Quum
1175 2564 1284 2604 enim
1322 2564 1485 2619 syllaba
1514 2578 1564 2604 ca
1594 2565 1635 2604 in

169 2640 398 2695 archetypo
433 2640 684 2692 excidisset,
726 2641 838 2696 quod
870 2641 1060 2683 restabat
1091 2656 1183 2681 uere
1219 2642 1376 2683 factum
1409 2648 1473 2684 est
1510 2648 1555 2683 ut
1594 2644 1634 2683 in

171 2723 272 2760 ultro
304 2719 594 2774 corrigeretur.
658 2719 751 2774 Ego
783 2733 881 2760 vero
907 2720 966 2761 ita
996 2720 1080 2773 legi
1110 2733 1284 2761 censeo:

225 2801 287 2837 lea:
317 2811 502 2838 cavere
533 2801 716 2849 dicmur,
757 2797 836 2839 nisi
868 2798 1010 2838 malis:
1069 2802 1135 2839 lex
1167 2803 1267 2839 ultro
1297 2812 1436 2840 carere
1465 2803 1633 2842 dicatur.
