1914 3237
722 177 842 216 Lz'ber
871 177 957 216 XX
967 177 1052 216 VII.
1540 172 1619 217 149

150 306 326 348 monuit.
385 306 524 354 Quum
553 309 694 347 autem
722 309 885 346 sinuosa
927 308 1109 356 corporis
1139 308 1274 346 ulcera
1305 304 1506 357 coniecit,
1536 303 1618 344 Pli-

151 386 266 426 nium
297 384 567 439 interpolavit
595 382 730 438 magis
779 396 904 438 quam
935 384 1112 425 sanavit.
1174 383 1341 425 Scilicet
1385 387 1566 434 corporis
1597 394 1620 422 e

150 463 343 518 proxima
380 475 484 503 voce
528 465 690 513 corpori
728 461 840 502 male
880 460 962 502 huc
992 462 1245 503 translatum
1285 466 1363 503 est.
1421 461 1514 510 Quo
1547 473 1619 502 ex-

153 541 275 596 pulso
301 538 462 581 scribo:

204 622 450 668 duritiasque
478 625 515 659 et
541 621 654 659 sinus
683 621 913 659 ulcerum.

149 696 288 740 Etiam
320 696 516 750 ,duritiae
545 697 588 737 in
620 695 704 737 alto
734 695 937 737 ulcerum‘
967 694 1107 737 XXX.
1134 696 1216 738 114
1245 696 1523 752 reperiuntur.

695 777 783 824 151
823 788 874 811 =
915 777 1070 833 15,90.
1485 787 1488 791 ·
1650 768 1730 812 563

213 864 528 914 Muliebribus
564 862 746 913 morbis
782 862 1005 912 medetur
1038 862 1245 911 maxime
1271 862 1318 911 in
1339 863 1620 912 universum

215 952 456 1019 paeoniae
490 952 673 1001 herbae
726 965 895 1000 semen
943 951 1134 1016 nigrum
1181 967 1242 1000 ex
1280 966 1405 1015 aqua
1440 949 1620 1014 mulsa3

209 1041 383 1091 eadem
421 1045 468 1090 et
503 1041 551 1089 in
587 1039 753 1089 radice
789 1039 864 1088 vis
901 1054 1099 1089 meuses
1138 1040 1254 1099 ciet,
1307 1040 1506 1105 panacis
1543 1054 1621 1089 se-

211 1144 322 1179 men
361 1144 472 1178 cum
509 1126 755 1178 absinthio
793 1142 990 1176 menses
1029 1131 1074 1176 et
1114 1128 1338 1186 sudoreS,
1377 1127 1622 1178 scordotis

214 1221 334 1284 potu
371 1221 419 1266 et
454 1216 592 1265 illitu.

228 1309 380 1347 herbae
398 1304 636 1347 Gronovius
655 1304 698 1345 in
720 1302 812 1345 cod.
845 1303 882 1344 V
900 1303 984 1358 legi
1003 1307 1145 1359 negat,
1177 1302 1263 1345 Sill.
1294 1303 1437 1344 Nauta
1449 1307 1622 1344 auctore

147 1384 344 1437 affirmat,
374 1384 519 1439 itaque
540 1382 792 1424 vocabulum
813 1395 1174 1436 supervacaneum
1207 1396 1300 1423 cum
1330 1381 1527 1422 Pintiano
1549 1394 1621 1422 ex-

148 1475 338 1518 pungere
365 1476 450 1503 non
473 1460 624 1502 audeo.
655 1460 836 1516 Reliqua
865 1465 912 1500 ut
929 1473 1041 1501 nunc
1071 1460 1268 1515 leguntur
1281 1461 1375 1500 usui
1406 1459 1621 1515 scriptoris

148 1544 410 1596 repugnant3
439 1553 646 1595 nusquam
669 1539 781 1580 enim
801 1538 977 1579 remedii
1008 1539 1097 1591 ,vis‘
1131 1552 1225 1579 cum
1242 1538 1370 1580 verbo
1400 1539 1621 1580 transitivo

150 1617 432 1673 coniungitur.
486 1617 664 1659 Accedit
695 1617 808 1673 quod
836 1617 1045 1672 paeoniae
1075 1617 1217 1658 radice
1248 1617 1370 1672 plura
1399 1617 1621 1658 mulierum

148 1696 262 1737 mala
293 1697 435 1738 sanari
467 1696 661 1737 dicuntur
680 1710 705 1737 a
724 1695 974 1736 Dioscoride
988 1694 1064 1737 ΠΙ.
1097 1696 1195 1739 147:
1227 1695 1401 1738 δίδοται
1431 1695 1480 1737 δὲ
1512 1695 1621 1751 ξηρὰ

147 1776 347 1827 γυναιξὶν
377 1772 399 1829 ἦ
433 1773 532 1829 ῥίζα
570 1779 665 1824 ταῖς
695 1771 742 1816 ἐκ
772 1774 901 1816 τόκου
946 1774 1001 1829 μὴ
1032 1776 1394 1829 καθαιρομέναις·
1433 1779 1546 1815 κινεῖ
1572 1773 1621 1816 δὲ

148 1856 223 1894 καὶ
251 1853 305 1893 τὰ
338 1853 586 1908 καταμήνια
618 1885 626 1894 .
661 1885 669 1893 .
702 1884 711 1893 .
771 1852 878 1893 Tum
922 1851 1079 1907 aliquid
1124 1852 1166 1892 in
1213 1851 1441 1907 archetypo
1475 1851 1620 1893 codice

150 1934 336 1971 erratum
367 1943 461 1972 esse
490 1930 583 1972 libri
614 1945 638 1971 a
668 1931 778 1971 vitiis
811 1930 1009 1971 docemur
1027 1930 1097 1985 qui
1120 1929 1223 1971 nihil
1243 1930 1324 1970 nisi
1343 1929 1449 1971 haec
1470 1930 1617 1972 habet:

148 2021 271 2049 meses
300 2013 376 2050 ciet
408 2013 583 2061 panacis
611 2022 653 2049 se
681 2021 813 2050 meses.
874 2007 1013 2056 Quum
1043 2008 1172 2064 igitur
1206 2008 1335 2049 verba
1373 2021 1501 2049 semen
1532 2022 1619 2049 cam

147 2090 342 2128 absinthio
374 2101 396 2128 e
427 2086 616 2142 margine
648 2086 891 2142 archetypi,
930 2091 976 2126 ut
1005 2086 1188 2139 videtur,
1220 2099 1244 2126 a
1275 2075 1426 2127 scribis'
1454 2091 1618 2141 repete-

146 2171 304 2219 rentur,
337 2166 514 2222 contigit
542 2170 589 2206 ut
618 2180 655 2208 v.
677 2179 828 2207 menses
844 2164 908 2205 bis
928 2178 1011 2206 non
1034 2165 1165 2206 semel
1182 2164 1447 2206 scriberetur.
1483 2165 1618 2207 Recte

146 2244 289 2286 omnia
317 2245 376 2286 ita
406 2244 657 2300 procedent:

201 2327 333 2364 eadem
372 2331 408 2363 et
444 2327 485 2364 in
516 2328 657 2365 radice
692 2327 769 2371 vis;
823 2336 973 2363 menses
1020 2326 1098 2364 ciet
1138 2326 1308 2373 panacis
1351 2336 1481 2363 semen
1529 2336 1616 2364 cam

201 2404 399 2454 apsinthio
432 2409 468 2442 et
489 2404 669 2444 sudores.
699 2401 774 2443 rel.

704 2544 865 2593 LIBER
897 2544 1053 2593 xxvss.

251 2666 299 2707 In
329 2665 408 2706 hoc
439 2678 606 2720 quoque
645 2664 751 2705 libro
782 2663 1049 2705 emendando
1082 2662 1271 2705 codicem
1303 2678 1327 2704 a
1365 2676 1466 2718 prae
1500 2667 1612 2704 cete-

143 2742 199 2784 ris
231 2742 495 2798 sequendum
542 2756 637 2784 esse
668 2743 884 2796 existimo,
929 2743 1176 2785 lacunosum
1208 2741 1323 2782 illum
1371 2742 1540 2797 quidem
1572 2747 1613 2783 et

141 2822 332 2878 plurimis
362 2822 475 2864 vitiis
504 2822 796 2878 inquinatum,
838 2821 914 2863 sed
946 2822 1017 2878 qui
1045 2835 1171 2864 verae
1200 2821 1449 2878 plerumque
1480 2821 1610 2877 scrip-
