1914 3237
778 164 897 204 Liber
920 166 1028 204 XXI
1038 166 1079 206 V.
1583 164 1662 207 135

193 290 387 333 manibus
433 291 619 334 habebat
669 291 848 334 eandem
908 294 1155 348 scripturam
1196 294 1340 336 fuisse.
1399 294 1665 350 Quapropter

193 369 462 410 scribendum
496 375 582 410 est:

245 471 299 476 -
328 449 530 487 adstrictis
568 451 708 487 celeris
748 450 987 515 viScerg'bu&
1028 462 1064 498 q.
1103 461 1135 488 e.
1173 463 1212 488 a.
1249 463 1286 488 α.
1317 462 1347 489 e.
1385 453 1664 500 spissandique

245 527 462 575 efficacior,
492 527 530 564 Iz.
550 537 581 564 e.
596 504 1098 583 viresfflz‘lffii'fir'unarum
1132 527 1215 575 (sic
1246 540 1264 566 r
1293 525 1352 575 E)
1366 531 1664 588 propofflmtm

246 607 635 656 autempwnfflm‘m
639 615 666 656 51
687 615 816 644 e.c.c1.
835 607 1192 645 vitium—siccant
1212 608 1235 644 i.
1249 635 1257 643 .
1335 609 1373 645 in
1402 609 1525 645 mlxlo
1542 609 1663 656 potis.

737 684 826 731 107
865 701 908 718 =
949 685 1103 739 1265.
1691 666 1769 710 521

257 767 438 834 Spinae
480 770 778 835 [Aegyptiae
805 766 926 822 sive]
964 770 1206 819 Arabicae
1243 769 1417 820 laudes
1454 771 1501 819 in
1539 771 1662 821 odo-

255 872 359 905 rum
395 856 509 906 loco
549 858 774 906 diximus.

299 944 439 986 Unam
487 945 652 999 spinam
694 945 921 986 Arabicam
963 944 1233 986 Dioscorides
1264 947 1330 987 Ill.
1361 946 1413 989 13
1458 947 1661 1000 nominat,

187 1022 288 1062 item
318 1023 360 1062 in
390 1022 528 1063 indice
557 1022 650 1063 libri
683 1024 815 1063 nostri
844 1023 943 1064 boni
971 1022 1139 1064 codices
1170 1023 1302 1064 RVa
1333 1024 1385 1065 de
1415 1031 1534 1076 spina
1557 1031 1660 1066 Ανα-

188 1103 277 1140 be'ca
308 1100 398 1140 sola
427 1100 674 1154 loquuntur:
733 1101 958 1141 verisimile
1007 1107 1071 1141 est
1116 1101 1267 1155 igitur,
1314 1101 1381 1143 hic
1411 1117 1577 1159 quoque
1609 1104 1660 1145 de

188 1177 337 1219 eadem
371 1177 492 1232 spina
523 1178 612 1232 agi:
659 1182 786 1233 atque
826 1191 870 1218 re
908 1191 1009 1218 vera
1052 1183 1194 1228 spinae
1225 1183 1423 1220 Arabicae
1462 1182 1659 1236 genetivo

187 1270 289 1298 casu
320 1256 357 1295 V
379 1269 403 1296 a
422 1255 448 1295 d
478 1254 656 1307 habent,
691 1255 845 1296 additis
876 1256 1014 1296 verbis
1044 1261 1159 1308 spina
1182 1262 1377 1310 Aegyyplz'a
1400 1258 1487 1310 Va⁷
1519 1263 1660 1310 spinae

187 1339 408 1387 Aeqypte'ae
438 1334 487 1386 d,
540 1348 576 1375 V.
606 1337 689 1373 sive
717 1339 856 1373 utrum
888 1335 929 1374 in
961 1333 1051 1375 cod.
1086 1335 1354 1377 Murbacensi
1393 1336 1520 1377 fuerit
1550 1350 1603 1377 an
1635 1352 1660 1378 a

187 1412 390 1454 Cornario
422 1411 475 1452 ad
507 1410 650 1452 Diosc.
684 1411 707 1453 l.
740 1411 766 1451 l.
799 1413 1059 1466 suppletum,
1107 1427 1216 1453 nunc
1249 1413 1469 1455 diiudicari
1499 1415 1658 1470 nequit.

186 1490 356 1532 Scilicet
386 1489 497 1530 idem
528 1489 660 1530 veteri
691 1489 815 1529 alicui
839 1491 1122 1544 'grammatico
1147 1492 1359 1533 acciderat
1383 1492 1494 1547 quod
1526 1506 1660 1547 nuper

185 1568 358 1623 Silligio.
416 1567 566 1622 Neque
597 1558 708 1608 enim
738 1567 900 1608 Plinius
930 1567 967 1607 h.
999 1568 1023 1608 l.
1055 1567 1171 1608 XIII.
1204 1568 1275 1619 63,
1327 1569 1396 1610 ubi
1444 1569 1495 1611 de
1538 1571 1662 1624 spina

186 1646 400 1701 Aegyptia
429 1646 559 1686 verba
588 1645 768 1697 fecerat,
817 1644 893 1685 sed
922 1645 1020 1688 XII.
1053 1645 1105 1688 67
1135 1651 1177 1686 et
1206 1648 1258 1689 72
1298 1648 1539 1702 respexisse
1581 1663 1657 1702 pu-

186 1724 340 1765 tandus
381 1728 466 1775 est,
520 1723 591 1763 ubi
631 1737 814 1763 murram
859 1728 901 1763 et
930 1723 1163 1765 mastichen
1203 1724 1241 1764 in
1275 1725 1436 1766 Arabia
1484 1739 1506 1766 e
1538 1727 1659 1781 spina

188 1803 307 1843 nasci
338 1801 514 1842 dixerat.
574 1801 691 1841 Illius
730 1801 916 1857 δένδρου
951 1805 1189 1856 γενομένου
1221 1801 1268 1845 ἐν
1296 1802 1477 1860 Ἀραβίᾳ
1502 1802 1657 1858 ὁμοίου

185 1884 234 1938 τῇ
267 1879 529 1937 αἰγυπτιακῇ
570 1877 743 1935 ἀκάνθῃ
775 1879 901 1918 etiam
934 1879 1207 1920 Dioscorides
1239 1882 1269 1922 Ι.
1301 1882 1354 1924 77
1399 1882 1658 1923 mentionem

187 1958 301 1999 facit.
371 1957 666 2012 Superscripta
709 1956 835 2011 igitur
881 1957 921 1997 in
968 1957 1197 2013 archetypo
1243 1959 1349 2000 libro
1391 1960 1478 2000 sive
1516 1961 1659 2014 glossa

188 2036 275 2077 sive
305 2035 444 2090 potius
475 2039 715 2075 correctura
750 2038 866 2086 spina
901 2039 1097 2087 Aeqyptia
1129 2036 1289 2089 fuerat,
1316 2051 1437 2092 ,quae
1478 2037 1577 2079 inde
1616 2038 1658 2079 in

187 2118 429 2155 contextum
461 2118 700 2153 nostrorum
730 2113 932 2153 librorum
961 2113 1143 2168 irrepsit.
1540 2102 1544 2105 ’

757 2194 920 2240 109:
944 2194 1100 2250 1267.
1689 2193 1771 2241 522

252 2278 312 2328 Et
347 2278 513 2327 acacia
549 2292 575 2326 e
613 2278 752 2342 spina
804 2279 853 2327 lit
887 2281 934 2327 in
973 2280 1208 2346 Aegypto
1257 2280 1367 2330 alba
1403 2282 1658 2347 nigraque,

253 2366 426 2415 arbore
462 2366 575 2414 item
614 2366 768 2424 viridi,
805 2367 895 2416 sed
932 2368 1081 2433 longe
1107 2368 1277 2418 melior
1305 2374 1379 2418 est
1400 2370 1658 2434 prioribus.

296 2453 450 2494 Nescio
484 2467 557 2494 cur
587 2453 789 2494 librorum
818 2454 940 2496 MSS.
971 2456 1095 2497 lectio
1128 2460 1180 2497 Et
1222 2461 1390 2498 acaciae
1421 2489 1430 2498 .
1464 2491 1471 2500 .
1502 2462 1662 2500 meliore

190 2533 350 2587 (melior
380 2545 400 2572 e
429 2530 495 2572 ad
525 2535 723 2572 meliorem
747 2531 807 2584 V)
844 2532 896 2573 ab
928 2533 1159 2576 editoribus
1192 2540 1335 2590 spreta
1365 2536 1435 2579 sit.

840 2611 1016 2653 Ibidem.
1691 2619 1770 2664 523

255 2687 435 2738 Semen
472 2726 482 2736 .
522 2726 530 2735 .
570 2726 580 2735 .
620 2687 866 2753 colligitur
917 2696 1175 2748 autumno,
1231 2697 1341 2740 ante
1397 2691 1659 2742 collectum

253 2777 398 2826 nimio
438 2775 659 2825 validius.
704 2775 953 2843 Spissatur
989 2794 1137 2828 sucus
1175 2795 1235 2828 ex
1273 2779 1503 2829 folliculis
1532 2796 1660 2847 aqua
