1914 3237
717 190 834 229 Liber
872 189 991 230 XIX.
1529 183 1581 228 73

120 333 215 360 nem
248 323 359 360 color
388 318 664 370 restituisset,
695 318 737 358 in
769 317 889 359 codd.
928 320 965 360 Θ
988 331 1009 358 c
1042 330 1064 358 e
1095 318 1231 371 prima
1263 314 1478 372 sequentis
1511 328 1581 356 vo-

121 397 260 440 cabuli
290 397 430 437 littera
465 399 717 449 corruptam.

399 506 678 561 [azam.
719 504 807 561 (de
845 503 980 552 rubia
999 518 1159 553 sermo
1199 508 1298 563 est)
1613 514 1694 559 389

186 592 427 657 Spinosus
465 591 508 639 ei
545 589 696 639 caulis
738 621 795 626 --
834 619 893 625 ——
929 605 1098 640 semen
1132 591 1235 639 eius
1273 591 1467 639 rubrum
1493 594 1581 638 est.

185 679 318 741 Quos
353 679 400 726 in
435 678 678 727 medicina
713 694 831 727 usus
852 677 1044 737 habeat,
1083 679 1303 728 dicemus
1328 693 1417 727 suo
1455 677 1582 728 loco.

227 771 387 808 rubrum
431 767 651 808 Hermolai
688 766 868 807 Barbari
907 771 972 807 est
1010 767 1274 819 coniectura,
1323 766 1490 807 codices
1531 765 1585 806 ad

120 860 250 886 unum
288 859 433 886 omnes
480 845 638 885 habent
683 847 813 884 rubia.
872 844 1072 898 Magnam
1118 848 1259 886 autem
1299 844 1383 885 Sili.
1433 844 1586 884 collata
1658 888 1661 891 ,

119 923 381 965 Dioscoridis
424 924 495 963 ΙΙΙ.
536 923 607 965 [50
647 921 930 976 descriptione
967 922 1250 976 corruptelam
1291 936 1335 963 se
1377 922 1585 976 reperisse

119 1002 293 1057 putavit,
326 1014 451 1055 quam
470 1001 529 1041 ita
547 1000 635 1040 fere
662 999 862 1040 correxit:
894 1012 1021 1039 semen
1037 1004 1118 1040 eius
1144 1004 1281 1050 viride,
1314 1007 1390 1040 tum
1411 1003 1585 1051 rubrum,

113 1087 312 1131 postremo
342 1082 499 1128 myrum
531 1085 599 1118 est.
633 1081 765 1118 Rube‘a
797 1090 894 1128 quos
924 1077 997 1117 rel.
1041 1078 1098 1117 At
1130 1090 1229 1118 vero
1260 1077 1340 1119 hoc
1372 1081 1436 1118 est
1458 1077 1585 1118 inter-

118 1157 277 1212 polare,
308 1170 392 1196 non
424 1156 664 1196 emendare.
712 1154 947 1195 Modestius
978 1154 1106 1195 Ianus
1137 1159 1299 1196 rubrum
1331 1163 1399 1195 ess.
1458 1157 1588 1195 Rubia

120 1249 218 1286 quos
259 1234 450 1275 coniecit.
509 1234 566 1274 At
602 1246 700 1274 vero
745 1246 830 1272 non
865 1232 1037 1273 rubrum
1078 1233 1153 1273 sed
1191 1234 1358 1288 nigrum
1406 1232 1587 1274 fructum

118 1313 263 1354 rubiae
294 1312 527 1367 perfectum
558 1325 651 1351 esse
683 1310 860 1351 traditur
890 1324 914 1351 a
944 1310 1215 1352 Dioscoride:
1246 1312 1389 1367 itaque
1420 1316 1519 1352 ante
1549 1325 1587 1351 v.

119 1395 236 1432 rubia
268 1390 470 1431 nonnulla
500 1388 707 1430 excidisse
738 1393 926 1443 apparet,
957 1402 1065 1444 quae
1095 1388 1149 1429 ad
1178 1403 1322 1430 semen
1351 1389 1377 1429 i.
1410 1402 1445 1430 e.
1476 1388 1586 1430 fruc-

119 1473 207 1510 tum
236 1469 488 1524 pertineant.
534 1465 700 1507 Deinde
728 1480 832 1507 voce
862 1470 980 1507 rubia
1012 1466 1126 1521 color
1157 1467 1350 1509 diversus
1382 1467 1588 1509 contineri

118 1546 331 1603 putandus
374 1550 451 1586 est.
509 1544 658 1600 Neque
706 1545 839 1600 qualis
874 1540 1014 1585 'fuerit
1062 1545 1230 1586 difficile
1275 1546 1450 1587 inventu
1497 1548 1588 1598 erit,

120 1640 215 1668 cum
243 1624 526 1679 reputaveris,
572 1622 685 1678 apud
715 1623 1007 1664 Dioscoridem
1038 1623 1123 1678 legi
1161 1624 1398 1680 καρπὸν...
1427 1639 1588 1666 πεπαι-

121 1704 307 1759 νόμενον
335 1703 516 1756 μέλανα·
550 1699 692 1755 ῥίζα..
724 1697 893 1757 ἐρυθρὰ
923 1718 959 1743 κ.
990 1718 1025 1742 τ.
1056 1702 1092 1744 λ.
1151 1702 1278 1743 Haud
1309 1702 1435 1744 dubie
1462 1703 1590 1758 igitur

123 1781 284 1824 Plinius
316 1779 501 1836 scripsit:
795 1784 801 1785 ’

175 1871 303 1901 semen
335 1861 419 1898 eius
444 1861 599 1909 myrum
630 1858 862 1910 est,·rad2·oe
890 1859 1029 1898 rubra.
1070 1859 1178 1905 Quos
1200 1857 1275 1899 rel.

708 1969 770 2017 48
803 1982 856 2001 =
893 1969 1020 2026 3‚1s.
1620 1998 1702 2046 390

190 2053 459 2117 (radicula)
502 2054 718 2104 nascitur
752 2054 908 2103 sativa
939 2055 1118 2120 ubique
1141 2055 1231 2105 sed
1252 2060 1428 2120 sponte
1451 2071 1591 2122 prae-

191 2143 332 2209 cipua
367 2143 414 2191 in
451 2143 572 2192 Asia
608 2143 691 2192 rel.

180 2231 401 2273 Contraria
437 2234 534 2271 sunt
568 2230 699 2272 verba
733 2234 862 2272 sativa
891 2256 944 2260 —
971 2238 1130 2285 sponte,
1167 2234 1312 2283 ubique
1344 2257 1391 2264 -·
1425 2236 1464 2274 in
1496 2235 1592 2274 Asia

124 2311 274 2364 Itaque
314 2308 581 2350 scribendum
620 2314 685 2350 est
727 2313 958 2360 praecipue.
990 2335 1040 2339 —
1099 2310 1249 2351 Finem
1281 2323 1430 2352 sensus
1462 2311 1591 2352 Ianus

127 2386 380 2429 emendavit.

704 2456 764 2502 49
802 2469 854 2488 =
891 2456 1016 2512 4,19.

189 2571 251 2577 —
287 2539 545 2604 antiquitas
581 2539 699 2589 nihil
735 2541 868 2605 prius
904 2541 1072 2590 mirata
1113 2544 1187 2590 est
1223 2556 1366 2605 quam
1401 2540 1593 2606 Hespe·
1621 2498 1700 2543 391

190 2629 347 2678 ridum
383 2628 551 2678 hortos
587 2644 645 2678 ac
679 2644 851 2693 regum
887 2629 1081 2679 Adonis
1119 2633 1167 2678 et
1201 2628 1428 2687 Alcinoi,
1478 2630 1592 2678 item

192 2716 430 2782 pensileS‚
481 2716 586 2765 sive
618 2715 730 2766 illos
768 2715 1046 2765 Semiramis
1092 2716 1196 2765 sive
1233 2716 1470 2781 Assyriae
1506 2732 1593 2766 rex

191 2804 345 2868 Cyrus
379 2804 508 2854 fecit.
