1914 3237
777 166 890 205 Liber
928 166 1111 206 XXVII.
1602 163 1680 206 157

216 292 420 335 silvestris
451 294 592 344 ἄνθος
622 298 854 350 φοινικοῦν
885 299 963 335 est.
994 295 1143 349 Itaque
1163 293 1344 335 fortasse
1365 293 1478 350 apud
1500 293 1680 335 eundem

213 371 288 414 IV.
318 372 399 416 213
443 372 583 421 ἄνθος
626 371 830 428 κρόκινον
870 373 912 417 in
941 373 1143 415 κόκκινον
1185 377 1350 413 mutare
1395 386 1521 428 quam
1568 371 1682 428 apud

214 449 397 491 Plinium
429 450 683 504 optimorum
713 449 912 490 librorum
945 450 1239 490 auctoritatem
1259 463 1458 505 spernere
1479 455 1680 506 praestat.

775 553 866 601 119
888 574 933 594 Ξ
967 552 1121 609 12,93.
1711 554 1792 598 587

277 637 444 703 Peplis
478 678 491 690 .
522 676 532 688 .
570 655 632 689 ex
668 654 763 688 una
799 639 964 688 radice
1001 638 1134 687 tenui
1160 638 1352 688 fruticat
1378 637 1507 689 foliis
1531 643 1681 697 rutae,

276 726 423 792 paulo
457 726 723 786 latioribus,
761 727 946 791 semine
972 726 1064 776 sub
1086 726 1215 776 foliis
1234 727 1460 786 rotundo,
1496 728 1681 777 minore

277 830 421 879 quam
460 815 658 866 candidi
693 815 965 881 papaveris.
1008 814 1137 864 Inter
1174 820 1266 864 etc.

319 902 385 944 Ita
415 905 556 959 vulgo,
582 918 660 945 nec
689 918 790 945 sane
824 903 1095 945 Dioscorides
1127 908 1336 959 repugnat
1364 903 1438 945 IV.
1469 904 1577 947 165:
1609 907 1682 946 καὶ

208 977 298 1023 ὑπὸ
342 981 422 1031 (sic
460 982 572 1022 enim
617 987 733 1023 recte
779 982 904 1037 vulgo
944 982 1028 1036 legi
1066 981 1190 1022 Plinii
1229 981 1322 1023 loco
1354 981 1551 1029 efficitur)
1591 987 1682 1032 τοῖς

209 1059 391 1113 φύλλοις
420 1061 588 1116 καρπὸς
617 1061 783 1114 μικρὸς,
814 1058 1096 1117 στρογγύλος,
1154 1058 1293 1115 ἥττων
1320 1064 1394 1116 τῆς
1422 1062 1572 1117 λευκῆς
1601 1062 1680 1116 μκή-

206 1151 358 1186 κωνος.
389 1138 446 1178 At
475 1137 749 1179 vehementer
778 1143 1019 1194 repugnant
1037 1138 1164 1179 Plinii
1189 1140 1465 1181 membranae
1487 1152 1509 1180 e
1528 1130 1679 1194 quibus

208 1214 235 1257 d
264 1216 414 1257 ultima
458 1216 666 1258 vocabula
712 1216 825 1257 haud
867 1216 994 1258 dubie
1038 1217 1294 1271 interpolata
1339 1217 1440 1258 talia
1486 1217 1677 1258 exhibet:

208 1297 335 1335 minus
364 1298 539 1336 candido
571 1309 689 1345 quam
713 1300 944 1347 papaveris,
977 1296 1161 1350 optimae
1191 1295 1230 1336 R
1249 1294 1286 1335 V
1320 1296 1441 1345 (nam
1459 1309 1484 1337 a
1502 1296 1570 1337 hic
1600 1310 1677 1338 nos

207 1371 395 1426 deficit),
425 1377 549 1415 minos
569 1377 742 1414 candido
766 1388 964 1427 papaver,
996 1374 1108 1429 quod
1137 1373 1299 1414 Plinius
1331 1387 1384 1415 ex
1401 1374 1549 1416 eodem
1572 1375 1677 1417 libro

207 1451 277 1506 qui
308 1452 598 1494 aDioscoride
628 1458 855 1508 usurpatus
887 1458 952 1493 est
978 1452 1032 1494 ad
1057 1453 1233 1494 verbum
1264 1457 1392 1504 recte,
1423 1453 1476 1494 ad
1508 1468 1677 1495 sensum

205 1529 389 1573 fortasse
409 1536 571 1573 mutata
601 1537 811 1572 structura
840 1531 1024 1586 ineptius
1055 1531 1323 1572 transtulisse
1353 1531 1567 1586 putandus
1599 1538 1675 1576 est.

203 1608 332 1650 Nam:
363 1608 503 1666 ἥττων
531 1610 604 1665 τὴς
633 1612 784 1665 λευκῆς
812 1608 1007 1664 μήκωνος
1037 1609 1139 1650 nihil
1169 1609 1284 1650 aliud
1314 1614 1379 1651 est
1409 1624 1556 1665 quam:

257 1691 416 1728 minor
456 1691 686 1730 candido
723 1702 993 1741 papavere.
1052 1688 1212 1730 Ultima
1250 1689 1362 1730 enim
1392 1689 1549 1730 vocalis
1581 1703 1674 1745 pro-

202 1765 317 1807 xima
349 1765 491 1808 littera
519 1771 533 1808 i
562 1766 762 1822 absorpta
792 1772 869 1808 est.

488 1872 577 1919 124
601 1893 642 1911 =
668 1872 823 1926 1·.>‚98.
867 1869 957 1930 (de
986 1868 1374 1934 phalangitide).
1704 1875 1786 1919 588

265 1955 380 2007 Flos
416 1957 670 2016 candidus,
709 1956 809 2007 lilio
847 1958 993 2008 rubro
1024 1957 1210 2007 similis.

279 2044 423 2087 Diosc.
455 2046 528 2086 III.
559 2045 660 2087 112:
704 2045 819 2100 ἄνθη
845 2046 993 2099 λευκὰ,
1023 2046 1315 2102 παραπλήσια
1345 2049 1493 2103 κρίνῳ,
1524 2046 1672 2088 Flores

199 2122 275 2164 lilii
304 2123 419 2164 rubri
469 2122 639 2165 candidi
668 2137 753 2164 non
793 2128 911 2176 sunt,
959 2125 1102 2179 itaque
1132 2139 1169 2167 v.
1216 2127 1340 2164 rubro
1385 2128 1458 2164 aut
1500 2137 1672 2179 prorsus

200 2200 395 2254 delenda,
427 2205 521 2254 aut,
552 2201 665 2256 quod
694 2202 831 2256 magis
862 2201 1028 2256 placet,
1059 2216 1153 2243 cum
1185 2207 1264 2243 lilio
1296 2202 1522 2243 coniuncta
1551 2202 1593 2242 in
1626 2206 1671 2242 li-

199 2282 323 2320 liaceo
348 2279 552 2320 mutanda
582 2279 747 2320 videtur
778 2293 884 2320 esse.

549 2385 638 2431 125
663 2397 716 2417 =
745 2385 932 2441 12‚100.
977 2382 1068 2443 (de
1104 2381 1324 2448 phyllo).
1700 2411 1780 2456 589

263 2470 460 2521 Femina
494 2471 651 2535 magis
687 2470 918 2520 herbacei
955 2469 1164 2529 coloris,
1204 2470 1343 2519 caule
1377 2471 1529 2520 tenui.

305 2558 479 2600 Herbae
510 2572 690 2615 quacum
730 2557 860 2614 phylli
890 2558 1073 2599 feminae
1117 2559 1231 2600 color
1261 2563 1556 2614 comparatur,
1596 2573 1670 2600 no-

195 2650 295 2679 men
339 2637 522 2690 excidit,
579 2636 693 2692 quod
743 2650 765 2677 e
808 2637 1071 2678 Dioscoridis
1132 2636 1209 2679 III.
1258 2638 1338 2680 130
1382 2637 1522 2679 verbis
1567 2636 1670 2691 ἔχον

195 2717 468 2776 χλωρότερον
497 2714 650 2767 ἐλαίας
677 2716 727 2759 τό
759 2716 927 2772 φύλλον
954 2716 1078 2758 facile
1109 2717 1170 2757 ita
1200 2716 1438 2772 suppletur:

246 2801 396 2847 semina
425 2802 561 2839 oliva
593 2801 720 2848 maqis
749 2799 857 2838 herb.
882 2801 954 2837 col,
