1914 3237
171 426 250 468 768

172 1860 253 1905 769

176 2546 255 2588 770

279 145 360 189 224
858 148 972 187 Liber
1001 151 1133 189 XXX
1140 149 1178 187 Γ.

282 289 408 316 manu
447 275 681 316 rectissime
723 276 764 316 in
811 281 939 317 urceis
979 284 1210 318 correctam
1262 277 1314 317 ab
1362 281 1545 345 utroque
1585 276 1746 318 editore

282 352 506 393 contemni.

822 409 1002 458 lbidem
1020 429 1081 452 Ξ
1099 414 1223 467 6,*21.

347 493 533 543 Eretria
565 523 617 532 -—
643 495 807 560 explet
828 496 1041 554 vulnera,
1082 497 1120 545 si
1144 501 1393 560 coquatur,
1430 496 1490 545 ad
1517 497 1746 545 siccanda

342 581 483 640 utilis,
524 584 782 647 praecipua
821 590 867 633 et
905 585 1076 648 capitis
1113 583 1365 633 doloribus
1402 585 1532 632 etad
1571 585 1746 648 depre-

345 670 609 719 hendenda
648 687 789 735 pura3
828 672 1035 721 subesse
1074 673 1199 720 enim
1238 686 1294 720 ea
1331 670 1651 736 intellegunt,
1705 672 1743 719 sl

346 773 403 805 ex
443 772 568 821 aqua
603 757 722 813 illita
759 775 853 809 non
892 765 1096 808 arescat.

392 844 560 886 Ood.‘B
591 859 719 901 quum
750 848 884 901 prima
915 847 1121 888 vocabula
1150 847 1316 887 inverso
1343 846 1488 887 ordine
1521 852 1563 887 et
1592 847 1632 887 in
1663 846 1745 886 fine

279 937 476 963 versuum
510 928 707 978 corrupta
736 925 794 965 ita
825 917 1042 966 exhibeat:
1075 929 1204 976 ‘'xplel
1231 929 1394 965 uolnera
1425 929 1459 964 si
1490 933 1696 975 coquatur.
1717 927 1734 967 ll

280 1004 336 1041 (cd
357 1005 552 1042 siccandas
575 1007 876 1053 praec-oquitur.
917 1003 1000 1057 legi
1031 1008 1363 1044 consentaneum
1395 1007 1476 1043 est:
1509 1017 1538 1044 e.
1570 1006 1746 1053 vulnera,

278 1084 312 1119 si
341 1088 538 1130 coquatur
568 1084 624 1120 ad
649 1084 844 1120 siccanda
871 1085 1110 1132 praecipua,
1141 1084 1245 1120 milis
1277 1089 1312 1120 ec
1344 1095 1372 1120 (·.
1402 1085 1437 1121 d.
1472 1080 1586 1121 Idem
1618 1093 1743 1135 quum

280 1171 362 1198 non
395 1162 494 1198 illita
526 1158 601 1199 sed
633 1162 799 1199 inlinunt
829 1159 1005 1211 habeat,
1039 1172 1119 1199 non
1150 1158 1275 1198 Plinii
1303 1158 1401 1198 vitio
1433 1157 1618 1199 dandum
1650 1171 1745 1197 esse

280 1236 468 1291 sequitur
498 1235 609 1291 quod
640 1236 910 1292 Hippocratis
943 1236 994 1277 de
1025 1235 1181 1276 morbis
1209 1237 1280 1277 III.
1306 1236 1356 1278 27
1389 1240 1616 1290 praecepto
1646 1248 1744 1275 con-

281 1313 485 1355 tradicere
515 1314 693 1368 videtur,
725 1314 800 1355 sed
830 1315 1093 1356 librariorum
1120 1315 1249 1355 errori
1277 1314 1345 1368 qui
1378 1313 1505 1354 verba
1537 1313 1744 1368 quaedam

281 1392 460 1447 proximi
490 1393 701 1433 simillima
725 1393 967 1434 omiserunt.
1007 1392 1291 1447 Hippocrates
1322 1391 1432 1431 enim
1463 1391 1568 1432 haee
1598 1390 1744 1431 tradit:

280 1471 462 1526 χλιάρην
492 1467 722 1525 ἕπιβάψας
754 1469 939 1513 &adunans
969 1470 1142 1522 λεπτόν,
1174 1469 1482 1525 περικάλυψον
1505 1468 1639 1525 κύκλῳ
1670 1469 1747 1510 τὸν

282 1549 473 1605 θώρηκα·
518 1552 591 1590 καὶ
621 1548 725 1591 ὅκου
758 1548 814 1591 ἂν
843 1554 1020 1604 πρῶτον
1051 1550 1329 1605 ξηραίνηται,
1368 1548 1500 1604 ταύτῃ
1531 1547 1608 1603 χρὴ
1640 1547 1745 1601 τάμ-

282 1642 386 1669 νειν.
418 1625 542 1667 Unde
574 1626 797 1668 coniuncta
816 1626 1145 1682 Bambergensis
1172 1627 1511 1681 reliquorumque
1544 1626 1748 1680 scriptura

281 1709 388 1745 inlisa
420 1719 496 1745 mm
528 1709 568 1745 et
598 1709 771 1746 etlinun(
799 1719 875 1746 mm
909 1706 1087 1747 efficitur
1117 1705 1343 1761 legendum
1376 1718 1488 1745 esse:
1521 1709 1554 1743 si
1574 1718 1624 1744 (¹:1-
1644 1718 1748 1754 aqua

282 1787 378 1823 illita
408 1787 614 1823 linteum
645 1792 815 1824 arescat.

870 1866 925 1911 41
967 1879 1017 1897 =
1056 1867 1180 1920 635.

349 1952 686 1998 Atramentuni
707 1965 902 2014 quoquc
931 1950 1054 1999 inter
1076 1950 1293 2000 facticios
1320 1950 1420 2007 crit,
1460 1964 1747 2013 quamquam

349 2042 423 2086 est
461 2042 506 2086 et
543 2042 697 2086 terrae
734 2039 960 2102 geminae
991 2038 1192 2103 originis

283 2125 306 2180 ἢ
338 2142 400 2174 τις
431 2129 504 2167 καὶ
539 2126 700 2180 γεώδης
737 2124 883 2176 ἐστίν,
928 2126 1200 2167 Dioscorides
1238 2125 1372 2180 inquit
1404 2125 1451 2165 V.
1490 2126 1583 2176 tlt,
1625 2132 1750 2179 atque

285 2208 439 2244 terram
488 2204 690 2258 appellari
738 2218 820 2245 non
856 2218 983 2259 posse
1030 2218 1156 2259 quum
1216 2208 1302 2256 ,aut
1351 2203 1576 2257 salsuginis
1627 2202 1750 2242 modo

285 2294 484 2321 emanare
517 2287 588 2322 aut
618 2286 730 2322 terra
760 2282 864 2336 ipsa‘
902 2310 942 2314 ω-
982 2282 1158 2335 dicatur,
1192 2281 1275 2323 Sill.
1310 2286 1423 2322 recte
1445 2279 1750 2321 animadvertit.

285 2360 348 2399 Ita
379 2364 519 2400 autem
550 2360 714 2400 variant
744 2359 858 2400 libri:
892 2367 1023 2399 (errae
1056 2361 1108 2411 13,
1140 2367 1243 2401 terre
1272 2360 1323 2410 R,
1355 2368 1461 2399 serra
1495 2358 1528 2397 V
1550 2358 1587 2399 d.
1648 2357 1750 2412 Legi

285 2437 410 2492 igitur
441 2442 625 2492 oportet:
657 2447 852 2478 terrena.

881 2520 942 2566 48
961 2533 1013 2551 =
1034 2521 1160 2574 29,6.

352 2603 628 2668 Appianum
667 2634 725 2640 —
764 2604 814 2653 lit
847 2610 892 2654 et
931 2611 1062 2653 creta
1101 2604 1264 2663 viridi,
1311 2604 1610 2652 aestimatum
1648 2617 1754 2650 ses-

356 2691 504 2740 tertiis
542 2692 586 2739 in
625 2691 786 2741 libras.

399 2779 533 2820 Recte
565 2779 632 2820 ille
663 2780 850 2834 quisquis
882 2788 945 2821 est
979 2779 1194 2821 hominum
1226 2780 1443 2820 doctorum
1474 2779 1542 2833 qui
1574 2792 1598 2818 a
1633 2780 1754 2819 Dale—
