1914 3237
0 626 7 649 ,ῳ
0 539 7 617 :†,*<
0 0 11 518 ἼὛἪ

4 656 7 688 Ι

701 178 833 220 Liber
862 178 910 220 V
904 179 978 221 II.
1498 176 1578 218 133

169 297 346 347 lantem
371 316 433 348 ex
465 317 550 349 ore
579 301 627 348 in
650 301 968 350 Proconneso
997 303 1131 352 corvi
1158 301 1338 367 effigie,
1368 315 1575 365 magna

168 406 323 452 quae
359 392 642 455 sequitur
677 391 1103 440 fabulositate.

209 503 272 543 lta
302 503 433 557 vulgo
466 503 565 544 inde
596 516 621 543 a
645 503 843 544 Barbaro
875 502 1048 558 legitur,
1080 509 1250 557 aperta,
1280 508 1328 542 ut
1355 508 1477 543 recte
1510 503 1572 543 iu-

98 579 440 635 dicatsilligius‚
469 581 819 636 interpolatione.
879 582 1123 624 Editionem
1154 582 1268 623 enim
1287 580 1571 621 Parmensem

97 671 135 699 a.
158 658 267 699 1476
297 659 463 701 habere
495 662 626 702 tradit
646 662 870 703 Pintianus
900 677 1012 723 quae
1040 675 1200 717 magna
1229 660 1458 721 quaeritur
1482 657 1570 714 fab.

95 735 287 778 Codices
311 745 455 779 autem
477 739 589 782 Mss.
609 739 817 794 leguntR
841 753 1049 800 vnaqnaq3
1081 740 1197 779 ritur
1225 751 1277 778 ac
1305 736 1433 792 (haec
1449 751 1503 778 m.
1520 737 1569 791 2)

92 824 126 856 Θ
156 829 267 875 quae
283 830 439 872 rna-qna
456 817 686 878 quaeritur
704 816 787 868 laic,
820 817 885 858 Td
916 832 1027 879 quae
1045 831 1205 874 maqna
1226 817 1455 878 quaeritur
1472 815 1569 868 hac,

93 893 223 935 codd.
252 894 383 938 Barb.
412 910 570 952 mayna
606 894 816 956 equidem.
896 895 943 936 ln
973 895 1250 936 emendando
1287 901 1432 936 autem
1464 895 1567 938 loco

91 971 247 1024 procul
277 971 481 1013 habenda
514 974 595 1014 erit
627 973 766 1026 prima
789 985 878 1013 vox
905 987 1036 1033 qnae,
1071 972 1215 1013 aliena
1245 986 1272 1014 a
1300 973 1426 1016 codd.
1455 973 1496 1015 R
1524 981 1569 1015 et

89 1049 241 1099 narb„
272 1050 314 1089 in
342 1052 504 1091 ceteris
533 1064 557 1091 e
587 1050 876 1105 sequentibus
907 1050 1054 1092 verbis
1086 1057 1252 1092 temere
1281 1053 1482 1106 repetita.
1518 1053 1567 1094 ln

87 1125 270 1181 reliquis
301 1128 460 1168 deinde
491 1127 658 1168 omissa
688 1126 837 1168 ultima
865 1127 1011 1169 littera
1043 1139 1084 1179 c,
1112 1140 1138 1170 1·
1168 1143 1278 1171 vero
1310 1130 1353 1170 in
1384 1141 1424 1182 S,
1458 1145 1565 1185 qua—

89 1219 187 1246 cum
217 1206 482 1260 saepissime
519 1202 730 1246 confundi
769 1212 920 1246 notum
953 1211 1022 1246 est
1060 1212 1248 1256 mutata,
1283 1205 1455 1248 lineolis
1487 1222 1565 1261 po-

86 1292 251 1327 stremo
277 1299 392 1341 quae
410 1292 701 1335 evanuerant,
728 1285 941 1326 restitutis
970 1284 1233 1339 scripturam
1262 1286 1565 1328 nanciscimur

84 1377 254 1414 veram,
283 1365 366 1406 nisi
396 1364 543 1415 fallor,
576 1371 619 1407 et
647 1363 917 1419 elegantem:

340 1458 570 1500 »laynam
600 1443 912 1504 quaesitura
939 1439 1309 1497 fabulositatem.

196 1543 384 1584 Primum
418 1544 530 1585 enim
562 1544 680 1598 quod
711 1543 753 1584 in
779 1544 958 1586 Aristea
986 1544 1184 1586 mirabile
1214 1544 1398 1596 accidit,
1437 1548 1562 1587 corvi

81 1620 161 1660 fuit
205 1621 429 1672 (avolatus,
469 1629 571 1676 post
613 1635 741 1677 quem
781 1628 937 1663 secuta
972 1629 1075 1663 sunt
1109 1622 1350 1678 longinqua
1387 1622 1560 1676 itinera,

81 1699 248 1740 reditus
278 1700 320 1740 in
345 1701 532 1754 patriam
564 1707 607 1741 et
635 1707 738 1756 post
767 1714 908 1742 annos
931 1701 1116 1756 amplius
1141 1708 1366 1743 trecentos
1396 1703 1560 1745 adven-

81 1787 152 1819 tus
191 1778 233 1819 in
265 1778 592 1833 Metapontum,
632 1778 687 1821 cf.
714 1779 878 1821 Herod.
907 1779 983 1824 IV.
1008 1779 1202 1824 13—15.
1272 1780 1559 1836 Quapropter

81 1857 225 1898 anima
255 1857 387 1908 scite,
421 1858 520 1898 dum
552 1858 735 1912 primum
763 1858 887 1899 corvi
925 1857 1075 1913 effigie
1106 1857 1269 1913 avolat,
1300 1858 1557 1902 fabulosita-

81 1945 166 1977 tem
198 1936 446 1992 quaesiisse
477 1936 646 1978 dicitur.

626 2049 722 2098 191
748 2074 793 2093 =
814 2050 896 2110 56,
918 2049 998 2098 57.
1579 2064 1661 2107 166

143 2148 328 2199 Emere
365 2165 421 2199 ac
458 2151 675 2200 vendere
711 2150 921 2199 instituit
955 2151 1109 2200 Liber
1147 2158 1302 2215 pater.

189 2260 412 2304 Lacunam
442 2263 484 2307 h.
508 2263 533 2307 l.
571 2264 721 2305 inesse
758 2263 1011 2318 suspicatus
1050 2270 1119 2306 est
1157 2264 1367 2306 Osannus
1400 2263 1553 2306 Philol.

78 2338 341 2395 V11.p.394‚
370 2356 501 2398 quum
527 2356 640 2399 quae
666 2343 738 2384 hic
757 2343 934 2385 Baccho
955 2344 1200 2385 tribuuntur
1218 2344 1431 2386 Mercurii
1460 2359 1552 2386 niu-

77 2433 159 2459 nus
188 2418 364 2471 suerint,
398 2433 583 2476 eamque
616 2422 682 2462 sic
712 2421 921 2475 explevit,
953 2428 1000 2463 ut
1030 2429 1132 2477 post
1152 2437 1192 2465 v.
1219 2424 1405 2463 instituit
1434 2423 1550 2465 inse-

76 2506 217 2539 reret:
252 2499 524 2549 illei-curius,
558 2498 809 2540 libertatem.
869 2499 998 2541 Haud
1028 2501 1124 2542 scio
1157 2515 1213 2542 an
1244 2508 1369 2542 recte
1399 2515 1550 2543 sense-

76 2576 143 2618 rit.
204 2577 334 2625 Quod
366 2576 479 2618 enim
509 2577 627 2631 apud
655 2576 909 2620 Varronem
938 2577 987 2621 L.
1008 2578 1061 2619 L.
1096 2580 1170 2621 VI.
1189 2580 1256 2624 14.
1284 2579 1550 2622 Liber-alium

78 2654 146 2696 die
176 2669 287 2698 anus
317 2669 398 2711 per
427 2662 565 2697 totum
600 2655 809 2710 oppidum
847 2656 1009 2697 sedere
1041 2657 1245 2698 dicuntur
1281 2688 1308 2709 ,,
1322 2672 1420 2699 cum
1451 2658 1550 2701 libis

79 2738 123 2773 et
153 2732 299 2774 foculo
329 2747 411 2788 pro
444 2740 644 2788 emptore
673 2732 1028 2788 sacrificantes“‚
1060 2735 1161 2776 inde
1192 2737 1364 2778 minime
1393 2751 1550 2779 consc-

78 2810 221 2866 quitur
261 2811 389 2854 deum
433 2813 577 2867 ipsum
617 2826 717 2854 cum
762 2820 1012 2855 mercatura
1050 2814 1351 2859 Romanorum
1388 2816 1549 2859 fabulis
