1914 3237
782 163 916 206 Liber
946 163 1030 206 VI.
1565 161 1645 204 109

171 289 330 345 prium,
361 289 512 344 optimi
539 288 668 331 codd.
701 287 811 329 RTd
842 285 1065 343 aliquanto
1098 285 1298 340 apertius
1328 284 1646 327 demonstrant.

172 368 381 411 Scribunt
409 370 523 410 enim
564 365 812 422 Uipsanda,
842 364 961 406 haud
993 365 1122 405 dubie
1155 364 1466 420 corrigendum
1498 363 1540 404 in
1573 361 1646 404 Vi.

168 449 340 505 psania,
373 445 593 502 quomodo
613 443 761 485 111.10.
794 456 876 497 pro
892 443 1102 484 Detunda
1131 445 1172 484 in
1202 444 1647 486 codd.scribiturDe-

172 531 307 575 tuma,
327 525 531 573 Detumo,
547 523 757 572 Decumo,
773 522 984 565 Decuma,
1027 521 1286 576 Vipsaniam
1318 522 1430 563 enim
1461 522 1646 563 eandem

170 602 389 656 porticum
420 602 521 649 dici,
561 614 676 656 quae
705 613 732 641 a
763 600 872 642 Pola
901 601 962 642 M.
990 600 1220 655 Agrippae
1249 614 1408 642 sorore
1438 600 1648 642 inchoata

172 688 215 723 et
253 682 308 722 ab
349 680 553 736 Augusto
594 686 780 735 peracta
823 680 977 721 orbem
1014 679 1175 734 pictum
1220 680 1315 721 urbi
1354 681 1647 735 spectandum

169 761 452 815 proposuerit
484 759 562 814 (cf.
586 759 694 800 Plin.
718 758 868 808 111.17,
893 757 978 799 Dio
1000 756 1131 802 Cass.
1160 758 1252 802 LV.
1273 757 1336 812 S),
1365 759 1450 800 iam
1476 758 1647 801 Becke-

169 854 246 882 rus
277 840 378 881 Ant.
399 838 528 881 Rom.
551 837 635 880 vol.
651 838 681 880 Ι.
711 852 755 892 p.
774 836 874 882 397.
905 836 1194 892 probabiliter
1223 838 1490 879 coniecerat.
1549 838 1649 885 Qua

171 919 479 961 emendatione
511 925 694 971 recepta
725 916 853 957 aliter
881 916 1019 957 verba
1055 916 1421 972 interpungantur
1457 924 1648 972 oportet.

169 998 566 1040 Demonstraturus
598 996 708 1037 enim
734 995 913 1050 Plinius,
934 1009 1062 1050 quam
1089 994 1294 1037 celeriter
1318 1004 1464 1038 terrae
1494 998 1536 1038 in
1565 996 1648 1039 illis

168 1076 423 1130 regionibus
445 1075 669 1116 fluminum
690 1073 929 1116 afssuvione
947 1088 1159 1116 crescere
1183 1073 1368 1127 soleant,
1402 1075 1648 1117 Characem

170 1154 377 1210 oppidum
398 1154 511 1194 intra
534 1167 703 1208 paucos
735 1166 877 1194 annos
909 1152 1038 1207 longe
1066 1168 1092 1195 a
1119 1155 1227 1195 mari
1258 1155 1422 1196 distare
1443 1155 1648 1210 coepisse

169 1234 377 1283 narravit,
409 1247 538 1288 quum
571 1241 701 1274 antea
732 1233 990 1273 maritimum
1022 1232 1197 1274 suisset.
1229 1233 1370 1280 Quum
1387 1233 1500 1275 enim
1516 1242 1649 1276 antea

170 1314 293 1368 (nam
323 1312 365 1353 id
398 1320 465 1353 est
492 1313 651 1368 prius),
681 1312 885 1367 Agrippa
905 1311 1072 1353 inAsia
1100 1326 1241 1368 usque
1272 1313 1327 1352 ad
1356 1312 1646 1357 &DCCXLL

170 1399 471 1434 commoratus
493 1393 601 1433 mari
617 1392 806 1433 vicinum
820 1404 922 1433 esse
950 1392 1257 1445 comperisset,
1276 1391 1505 1433 duodecim
1520 1393 1648 1434 annis

169 1478 271 1525 post
302 1485 431 1526 quum
461 1471 566 1512 Iuba
598 1470 644 1512 C.
666 1470 851 1512 Caesari
880 1472 922 1512 in
951 1471 1104 1513 Asiam
1136 1470 1419 1515 a.DCCL111.
1450 1471 1648 1526 proficis-

170 1549 283 1590 centi
315 1549 511 1591 Arabiae
543 1550 755 1605 sinusque
791 1550 956 1591 Persici
987 1563 1109 1590 oram
1140 1550 1430 1601 describeret,
1460 1550 1495 1591 L
1527 1551 1573 1591 M
1601 1567 1644 1606 p.

169 1642 196 1670 a
229 1629 358 1670 litore
394 1628 612 1678 abfuisse,
659 1643 776 1670 nunc
815 1627 940 1669 CXX
974 1629 1151 1669 abesse.
1221 1628 1290 1669 Ne
1329 1638 1473 1670 autem
1512 1630 1650 1672 verba

170 1707 331 1757 „etiam
353 1706 463 1747 rel.⁵⁵
495 1706 619 1747 nimis
654 1707 840 1761 abrupte
872 1707 1210 1762 interponantur
1240 1715 1282 1749 et
1305 1709 1513 1763 oppidum
1532 1710 1651 1764 quod

171 1786 316 1841 aliquo
356 1791 477 1826 certe
504 1784 607 1826 licet
648 1786 910 1826 brevissimo
949 1785 1180 1828 intervallo
1219 1800 1245 1827 a
1283 1785 1411 1828 litore
1448 1790 1651 1842 separari

170 1865 369 1915 traditur,
400 1870 474 1903 aut
491 1863 718 1918 superflua
748 1872 822 1906 aut
846 1865 1039 1906 discordi
1064 1865 1317 1906 narratione
1339 1866 1381 1906 in
1410 1867 1507 1921 ipso
1524 1866 1650 1910 litore

170 1943 362 1999 positum
395 1955 497 1983 esse
527 1942 753 1998 videatur,
794 1944 854 1984 ita
883 1945 1238 2000 interpungenda
1268 1952 1370 1986 sunt
1400 1946 1537 1988 verba
1570 1947 1651 1988 Pli-

170 2023 250 2074 nii,
293 2030 338 2064 ut
366 2021 531 2063 initium
564 2022 774 2063 enuntiati
805 2023 850 2064 id
880 2031 1056 2078 tempus
1087 2031 1292 2079 spectet,
1322 2039 1408 2079 quo
1439 2026 1546 2068 Iuba
1575 2040 1651 2068 au-

171 2107 295 2144 ctore
328 2101 513 2141 Pasines
545 2101 754 2155 oppidum
785 2104 988 2144 restituit.
1055 2104 1205 2145 Iubam
1236 2105 1350 2145 enim
1383 2104 1424 2145 in
1454 2106 1507 2146 iis
1537 2119 1651 2161 quae

168 2179 301 2221 modo
334 2181 724 2230 commemorabat,
752 2195 802 2223 se
833 2183 959 2237 sequi
992 2182 1155 2224 Plinius
1183 2183 1280 2237 ipse
1311 2190 1509 2226 testatur.
1548 2184 1651 2232 Qui-

169 2259 252 2300 bus
283 2259 458 2299 additur
486 2257 602 2299 aliud
635 2268 964 2313 argumentum:
998 2261 1128 2303 etiam
1158 2262 1199 2302 in
1232 2262 1406 2316 porticu
1419 2262 1650 2318 Agrippae

170 2337 430 2378 maritimam
463 2337 618 2378 urbem
651 2338 862 2381 exhiberi.
935 2339 1227 2383 Scribendum
1261 2349 1329 2383 est
1358 2341 1509 2396 igitur:

228 2414 361 2455 Prius
388 2411 473 2470 fuit
501 2430 528 2454 a
556 2415 680 2456 litore
707 2417 862 2458 stadim
884 2418 934 2458 X
957 2419 1047 2472 (sc.
1065 2420 1242 2462 Pasinis
1269 2421 1440 2475 aetate)
1471 2445 1528 2451 —-
1558 2436 1649 2461 ma-

227 2493 421 2533 ritimum
453 2495 611 2535 etiam
648 2495 910 2553 Vipsania
936 2499 1126 2553 porticus
1155 2498 1282 2540 habet
1315 2524 1366 2530 —
1405 2498 1522 2539 Iuba
1548 2515 1649 2541 vero

224 2571 436 2627 prodente
465 2573 544 2615 rel.

285 2651 534 2694 Genitivum
554 2653 713 2695 deinde
731 2654 865 2694 maris
888 2655 1140 2710 scripturae
1168 2656 1340 2711 vulgari
1366 2658 1500 2715 maqis
1518 2671 1647 2713 quam

172 2742 197 2771 e
229 2730 458 2772 codicibus
497 2741 544 2773 ut
579 2733 753 2774 videtur
788 2732 1064 2788 interpolatis
1101 2737 1264 2778 vetusti
1303 2737 1497 2779 editores
1524 2750 1647 2778 rece-

172 2817 354 2864 perunt,
393 2825 449 2854 ex
491 2811 666 2866 optimis
703 2812 824 2855 libris
860 2820 982 2856 recte
1019 2813 1226 2869 praetulit
1257 2814 1468 2870 Silligius.
1528 2815 1646 2856 Idem
