1914 3237
137 538 218 582 272

250 178 302 221 12
846 180 962 220 Liber
992 181 1108 221 XVI.

358 307 520 349 Scribe:
552 311 675 349 eidem
685 323 699 357 ;
731 312 932 361 eidemque
961 311 1042 351 iam
1073 310 1114 351 in
1146 308 1212 350 ed.
1243 309 1518 366 Dalecampii.
1548 310 1710 353 Ibidem

249 386 284 440 §-
315 386 395 427 114
420 390 459 426 in
493 390 568 428 Ceo
599 391 725 429 insula
755 401 777 429 6
806 388 922 429 libris
953 402 978 429 a
999 388 1025 429 d
1057 388 1323 430 scribendum
1355 394 1440 442 est,
1483 388 1570 430 Cea
1600 389 1711 430 enim

247 476 331 504 non
362 463 609 519 appellatur.

768 534 860 582 120
877 554 936 574 =
950 535 1189 590 29.30‚52.

310 628 488 680 Ferunt
536 635 582 680 et
617 630 872 680 abellanae
906 630 1033 680 iulos
1070 630 1345 695 compactili
1381 631 1505 682 callo
1543 632 1604 681 ad
1640 632 1712 681 ni-

309 717 374 766 hil
397 717 563 779 utiles;
601 718 805 783 plurima
840 734 957 769 vero
994 719 1181 782 buxus3
1219 733 1328 767 nam
1352 724 1399 768 et
1435 735 1604 769 semen
1630 736 1711 769 su-

314 822 389 854 urn
428 811 474 855 et
508 822 715 871 granum
752 808 885 871 quod
925 811 1201 871 crataegum
1238 812 1440 866 vocant,
1478 812 1525 856 et
1553 822 1712 872 asep-

310 894 551 943 tentrione
599 894 813 954 viscum,
869 910 896 943 a
950 894 1151 943 meridie
1196 894 1438 959 hyphear,
1494 895 1555 943 de
1603 894 1710 958 quis

310 980 446 1045 plura
467 997 581 1031 mox
610 982 783 1046 paulo,
819 983 1160 1047 interdumque
1196 983 1374 1048 pariter
1409 997 1487 1032 res
1518 987 1711 1046 quater-

308 1083 396 1118 nas
431 1068 629 1119 habent.

354 1168 730 1223 Impeditissimum
761 1170 899 1211 locum
929 1170 1097 1225 iamque
1120 1170 1161 1210 in
1196 1169 1422 1224 archetypo
1455 1168 1598 1210 codice
1622 1169 1709 1211 foe-

245 1246 308 1287 dis
340 1246 503 1288 mendis
531 1248 795 1302 inquinatum
826 1248 1010 1289 violento
1042 1248 1277 1303 eodemque
1308 1247 1542 1288 certissimo
1575 1260 1709 1288 reme-

243 1324 311 1365 dio
350 1324 605 1368 sanabimus,
674 1327 780 1367 Leve
816 1330 880 1367 est
917 1325 1030 1381 quod
1072 1325 1280 1367 Graecum
1322 1324 1573 1367 vocabulum
1610 1328 1710 1366 iulos

242 1402 284 1443 in
315 1407 454 1443 αυιιῐαε
470 1402 719 1444 mutandum
742 1417 835 1444 esse
860 1417 1094 1457 censemus,
1124 1404 1173 1446 τὸ
1203 1404 1448 1459 βοτρυώδες
1466 1402 1708 1458 Theophra-

243 1481 296 1521 sti
319 1480 392 1523 III.
423 1481 459 1523 5.
492 1482 529 1534 5,
559 1495 684 1536 quem
724 1495 827 1522 sane
860 1482 990 1522 altero
1022 1482 1113 1523 1060
1145 1482 1219 1524 ΙΙΙ.
1250 1483 1288 1525 7.
1319 1482 1356 1523 3.
1388 1481 1537 1524 ἴουλον
1567 1482 1707 1537 appel-

240 1558 318 1599 lat:
351 1559 392 1598 in
422 1559 473 1599 iis
505 1572 613 1614 quae
645 1564 876 1614 sequuntur
894 1559 1038 1615 gravia
1068 1560 1242 1602 vulnera
1272 1559 1451 1614 primum
1481 1564 1604 1600 erunt
1630 1559 1702 1600 de-

240 1636 436 1691 tegenda.
496 1636 670 1677 Falsum
702 1637 812 1677 enim
843 1641 929 1690 est,
961 1638 1120 1678 buxum
1151 1651 1218 1678 res
1248 1637 1341 1678 illas
1373 1641 1600 1693 quaternas
1630 1636 1705 1677 ha-

242 1713 360 1767 bere,
393 1713 545 1755 falsum
578 1718 820 1770 crataegum
853 1729 1031 1770 granum
1061 1715 1162 1757 buxi
1191 1715 1354 1768 vocari,
1400 1727 1537 1770 neque
1567 1714 1703 1756 Plinio

241 1791 347 1832 tales
379 1805 541 1833 errores
570 1792 779 1848 imputare
809 1793 974 1847 licebit,
1006 1807 1100 1835 eum
1130 1793 1221 1849 ipse
1252 1806 1297 1834 se
1327 1806 1428 1833 mox
1456 1793 1482 1833 i.
1502 1805 1536 1833 e.
1560 1792 1702 1846 §.245

242 1869 294 1911 de
323 1870 437 1911 visco
477 1875 519 1911 et
557 1870 772 1926 hypheare
803 1871 925 1925 plura
964 1871 1172 1912 dicturum
1203 1884 1298 1912 esse
1328 1870 1598 1926 profiteatur,
1647 1870 1704 1911 ibi

243 1952 383 1988 autem
418 1947 470 1988 de
500 1948 608 2001 ilice,
640 1962 816 2004 quercu,
850 1949 944 1992 aliis
970 1948 1190 1990 arboribus
1207 1949 1347 2003 plura,
1379 1948 1482 1988 nihil
1514 1947 1566 1988 de
1591 1947 1703 1989 buxo

241 2030 393 2068 narret.
453 2025 706 2073 Quaerenda
736 2031 800 2067 est
829 2027 955 2082 igitur
986 2040 1057 2080 ea,
1090 2026 1142 2067 de
1173 2040 1255 2081 qua
1285 2040 1395 2067 nunc
1425 2026 1538 2080 loqui
1554 2030 1704 2080 putan-

242 2103 319 2144 dus
369 2104 442 2156 sit,
490 2104 625 2147 arbor.
700 2103 818 2152 Quae
863 2104 1175 2145 demonstratur
1212 2104 1276 2144 his
1307 2103 1445 2144 verbis
1485 2116 1537 2143 ex
1566 2102 1704 2143 indice

240 2181 334 2222 libri
363 2181 475 2224 XVl.
515 2183 574 2235 ,ln
606 2181 756 2237 quibus
788 2182 909 2236 plura
937 2196 1076 2223 rerum
1109 2195 1267 2237 genera
1295 2181 1536 2236 gignantur.
1577 2181 1702 2221 Crae-

242 2261 450 2314 taegum,‘
502 2260 742 2301 nominatur
780 2259 847 2300 hic
885 2273 1051 2315 quoque
1081 2273 1225 2302 verum
1265 2273 1348 2300 non
1381 2272 1456 2300 suo
1485 2259 1577 2299 loco
1613 2271 1701 2299 cra-

242 2346 381 2389 taequs
411 2351 485 2379 seu
516 2342 745 2392 crataegon
776 2339 801 2378 i.
836 2351 870 2378 e.
903 2338 987 2379 ilex
1017 2337 1218 2393 aquifolia
1237 2336 1441 2389 (XXVII.
1473 2337 1557 2387 63).
1616 2337 1701 2391 Ap-

242 2421 361 2471 paret
401 2416 526 2470 igitur
563 2429 647 2456 non
685 2416 865 2469 buxum,
912 2416 987 2456 sed
1023 2420 1267 2470 crataegum
1308 2414 1498 2456 describi.
1555 2414 1703 2455 Relin-

246 2497 384 2549 quitur
414 2507 591 2548 granum
623 2495 831 2549 crataegi,
871 2493 988 2534 cuius
1022 2507 1174 2534 nomen
1206 2507 1228 2534 e
1260 2494 1295 2547 ἓ.
1329 2493 1394 2535 32.
1427 2490 1702 2547 repetendum

243 2572 341 2612 erit:
381 2585 553 2613 coccum
587 2572 654 2613 vel
694 2572 981 2626 Hispanorum
1020 2575 1065 2612 ut
1102 2571 1266 2612 videtur
1295 2571 1442 2625 lingua
1471 2569 1701 2610 cusculium

241 2650 298 2690 ibi
329 2649 575 2704 appellatur.
634 2649 871 2690 Fatendum
902 2649 1071 2705 quidem
1101 2654 1179 2702 est,
1209 2662 1261 2690 ne
1292 2649 1350 2689 sic
1381 2646 1548 2702 quidem
1577 2645 1703 2686 Plinii

243 2727 527 2768 narrationem
571 2741 664 2767 cum
703 2741 752 2768 eo
793 2741 916 2782 quem
948 2732 1162 2770 auctorem
1194 2727 1380 2781 sequitur
1410 2723 1702 2779 Theophrasto

242 2819 410 2862 prorsus
454 2806 697 2858 convenire3
738 2818 918 2860 namque
947 2806 1017 2846 ille
1048 2805 1122 2848 ΠΙ.
1163 2807 1220 2849 [ὃ.
1251 2806 1289 2849 6.
1323 2804 1502 2859 primum
1533 2803 1585 2844 de
1610 2816 1698 2844 cra-
