1914 3237
804 193 922 232 Liber
936 193 1029 232 XX.
1568 179 1654 232 101'

296 318 354 360 Ut
384 333 410 360 a
438 320 672 361 minoribus
702 320 825 360 huius
861 320 942 361 loci
980 319 1091 361 vitiis
1123 319 1283 372 ordiar2
1314 320 1422 361 bene
1451 320 1579 361 Ianus
1610 336 1647 362 v.

181 401 268 447 fere
297 398 635 453 interpunctione
674 402 840 438 mutata
870 411 965 438 cum
1004 398 1203 452 proximis
1243 398 1381 439 verbis
1412 399 1647 451 coniunxit3

184 477 334 518 vellem
364 476 559 517 Latinam
606 475 946 516 terminationem
976 474 1113 515 Plinio
1144 489 1166 516 e
1197 475 1411 517 codicibus
1442 475 1648 516 reddidis-

185 559 260 595 set.
318 553 432 594 Nihil
483 554 594 594 enim
622 553 732 594 inter
780 553 1000 608 lapathum
1042 558 1084 594 et
1131 553 1435 608 oxylapathum
1480 554 1522 594 in
1569 553 1650 594 hoc

183 631 351 687 quidem
395 644 552 686 genere
583 632 772 673 interest.
832 632 922 672 Hoc
953 644 1119 686 quoque
1161 631 1295 671 levius
1335 636 1399 672 est
1428 631 1540 687 quod
1572 631 1649 672 Sil-

182 710 308 765 ligius
341 709 662 763 animadvertit,
715 724 768 751 ex
799 710 969 765 Apuleii
1011 710 1104 750 loco
1135 724 1172 750 v.
1202 712 1329 749 sativo
1374 710 1539 751 restitui
1577 709 1649 750 de-

184 788 299 830 bere.
356 787 438 836 Qui
468 802 595 844 quum
623 802 805 840 saporem
840 780 1221 840 satzm‘i‘proccimam
1243 789 1649 842 commemoraverit,

185 865 299 907 haud
329 866 456 907 dubie
495 866 762 908 scribendum
801 872 865 908 est
902 880 1050 918 sapore
1085 869 1209 907 sativo
1244 871 1482 917 proximum.
1544 866 1649 908 Gra-

185 945 301 986 viora
330 943 485 985 menda
514 944 668 998 partim
696 944 809 985 idem
840 945 1047 999 Apuleius
1076 944 1226 999 prodit.
1288 945 1507 986 Meliorem
1537 946 1650 986 enim

183 1022 372 1064 ordinem
402 1022 513 1063 hunc
545 1021 661 1063 dedit
692 1023 780 1063 ille:
810 1026 1012 1073 lappamm
1041 1027 1222 1063 siluestre
1252 1027 1432 1064 ooeallicla
1462 1037 1485 1064 a
1517 1027 1646 1076 (ppo)

180 1104 308 1142 nostri
334 1104 534 1141 rumicem.
565 1104 715 1141 alicam
741 1103 932 1141 hermam.
991 1100 1244 1142 Necessario
1278 1102 1387 1143 enim
1413 1114 1522 1156 quae
1552 1105 1649 1156 post

181 1192 218 1219 v.
249 1182 405 1219 minima
431 1184 665 1232 sequuntur
679 1183 777 1232 post
799 1193 835 1218 v.
860 1183 1060 1229 appellant
1077 1180 1325 1221 collocanda
1348 1184 1457 1221 sunt.
1489 1179 1650 1220 Verum

181 1269 235 1297 ne
265 1256 324 1297 sic
354 1255 522 1310 quidem
553 1260 668 1297 recte
697 1255 888 1310 procedit
921 1258 1069 1310 oratio,
1100 1258 1280 1298 molesta
1302 1257 1473 1298 rumicis
1503 1257 1649 1311 appel-

180 1334 338 1374 latione
367 1335 612 1388 interrupta.
671 1333 892 1374 Rumicem
918 1340 1059 1375 autem
1091 1349 1175 1376 non
1209 1336 1400 1376 silvestre
1431 1335 1649 1390 lapathum

182 1411 258 1452 sed
288 1412 468 1453 sativum
498 1412 639 1453 vocari
670 1411 829 1452 Plinius
860 1412 949 1467 ipse
980 1412 1098 1454 XIX.
1133 1413 1211 1455 184
1247 1413 1492 1454 tradiderat.
1525 1413 1650 1461 Quod

180 1503 335 1530 nomen
366 1503 493 1544 quum
525 1504 550 1531 a
579 1491 853 1545 grammatico
890 1491 960 1531 illo
993 1491 1246 1544 semidocto,
1286 1506 1411 1547 quem
1441 1492 1524 1532 iam
1557 1504 1649 1532 sae-

179 1567 273 1622 pius
315 1568 588 1622 interpretem
635 1581 718 1608 non
759 1568 947 1609 criticum
995 1569 1130 1609 solum
1177 1570 1316 1624 egisse
1359 1570 1562 1622 vidimus,
1606 1570 1650 1610 in

179 1644 370 1699 margine
408 1644 666 1700 adscriptum
705 1650 839 1699 esset,
888 1647 928 1686 in
970 1661 1019 1688 eo
1061 1648 1279 1702 exemplo,
1331 1647 1444 1688 unde
1482 1647 1649 1689 codices

179 1722 312 1763 nostri
335 1722 507 1763 alterius
538 1723 723 1764 familiae
754 1725 957 1779 originem
990 1725 1214 1777 duxerunt,
1244 1726 1336 1766 loco
1361 1730 1650 1780 praepostero,

180 1800 223 1841 in
253 1813 316 1853 eo,
348 1800 460 1855 quod
487 1801 694 1855 Apuleius
713 1808 882 1844 secutus
915 1807 991 1855 est,
1024 1808 1139 1844 recto
1160 1803 1268 1843 inter
1285 1803 1500 1858 scriptoris
1520 1802 1652 1843 verba

181 1882 399 1932 receptum
428 1883 504 1919 est.
564 1878 761 1934 Sequitur
802 1881 912 1920 aliud
946 1881 1112 1934 vitium,
1152 1882 1193 1921 in
1239 1881 1384 1922 codice
1421 1886 1649 1936 personato

182 1955 222 1996 K
251 1968 303 1996 ea
332 1969 457 2011 quam
489 1956 575 1996 Sill.
603 1968 643 1997 et
673 1957 800 1998 [anus
832 1960 1084 2013 probarunt,
1116 1959 1443 2014 interpolatione
1477 1963 1649 2012 tectum,

181 2033 293 2088 quod
323 2034 532 2088 quomodo
561 2035 793 2076 tollendum
824 2037 890 2089 sit⁷
922 2038 1005 2078 iam
1027 2037 1287 2078 Dioscoridis
1319 2038 1458 2078 verbis
1488 2037 1648 2078 indica-

180 2115 257 2153 tur.
291 2110 372 2159 Qui
388 2125 515 2166 quum
530 2111 584 2153 H.
602 2114 681 2157 140
698 2113 897 2155 hortense
913 2115 1132 2169 lapathum
1151 2129 1176 2156 a
1192 2115 1369 2170 palustri
1393 2115 1650 2170 oxylapatho

181 2187 393 2229 diversum
424 2203 518 2230 esse
549 2190 771 2232 tradiderit
798 2191 863 2232 his
894 2193 1032 2233 verbis
1070 2193 1118 2234 τὸ
1152 2193 1201 2234 δέ·
1238 2210 1279 2234 τι
1317 2193 1534 2248 κηπευτὸν
1571 2191 1651 2246 οὐχ

182 2265 337 2319 ὅμοιον
366 2270 424 2323 τῷ
453 2267 628 2324 πρώτῳ,
660 2268 729 2323 qui
759 2270 931 2310 tandem
962 2271 1049 2311 fieri
1068 2275 1210 2325 potest
1239 2275 1285 2311 ut
1315 2270 1426 2312 idem
1458 2285 1483 2312 a
1511 2271 1649 2312 Plinio

182 2343 351 2384 oxalide
392 2344 518 2384 etiam
549 2345 725 2385 similius
757 2348 1019 2402 appelletur?
1078 2352 1215 2389 S'aciw
1260 2353 1361 2389 idem
1406 2353 1570 2390 similius
1607 2349 1650 2390 in

183 2420 274 2461 cod.
306 2433 343 2472 a,
374 2426 501 2462 sativo
533 2427 618 2462 ilem
648 2427 810 2465 similius
839 2425 881 2465 in
914 2425 1034 2468 codd.
1067 2426 1195 2467 VTd
1228 2427 1391 2479 dicitur,
1424 2426 1649 2468 dicendum

181 2504 272 2539 erat
308 2503 425 2540 sativi
456 2503 695 2542 dissimilius.
754 2502 950 2558 Denique
987 2486 1136 2545 ultima
1172 2504 1303 2546 verba
1346 2504 1458 2546 idem
1488 2505 1528 2545 Κ
1559 2519 1648 2546 cor-

180 2577 310 2631 rupit:
343 2586 379 2617 et
408 2583 591 2619 acutiora
615 2582 718 2628 fblia
748 2594 796 2621 ac
825 2585 1010 2622 rubriore
1040 2582 1132 2624 cod.
1165 2582 1216 2635 V,
1252 2609 1300 2616 --
1331 2587 1499 2625 rudiore
1531 2584 1650 2638 Apu-

180 2655 287 2695 leius
318 2655 466 2709 habet,
504 2657 616 2698 unde
646 2666 760 2699 recte
795 2658 979 2714 Silligius
1019 2660 1119 2715 quid
1150 2661 1309 2702 Plinius
1341 2662 1559 2716 scripsisse
1591 2661 1649 2702 vi·

183 2732 331 2774 deatur
361 2734 541 2790 collegit.
601 2735 761 2777 Locum
790 2737 917 2791 igitur
949 2738 1102 2778 misere
1132 2737 1323 2779 habitum
1362 2739 1421 2780 sic
1450 2739 1647 2780 restituo:

236 2824 267 2851 e.
308 2827 343 2852 ιι.
384 2826 416 2853 e.
455 2827 487 2853 s.
526 2828 560 2864 q.
601 2828 639 2855 α.
679 2827 714 2855 ο.
756 2819 977 2867 appellant,
1022 2820 1091 2856 ulii
1126 2819 1327 2868 lapathum
1365 2821 1648 2868 cammerinum,
