1914 3237
172 246 251 288 139

176 2630 256 2672 140

280 128 360 169 114
887 121 1018 163 Liber
1049 121 1092 163 V
1094 122 1119 163 1
1126 153 1135 163 .

810 245 906 293 157
922 269 973 289 =
994 244 1189 292 ibidem.

343 345 601 393 Minaei...
635 361 839 408 quorum
874 345 1113 393 Carmaei.
1153 343 1399 408 Oppidum
1428 341 1544 390 xlv
1574 341 1670 388 mil.
1699 358 1745 404 p.

342 435 621 499 Marippa
652 435 1092 494 Palmalacum,
1125 441 1173 481 et
1204 433 1362 498 ipsum
1391 448 1484 479 non
1516 447 1746 495 spernen-

342 527 472 587 dum,
503 526 618 573 item
650 526 904 573 Carnon.

384 639 589 693 stlat-ippa
625 638 780 678 scribit
808 637 870 691 R,
908 636 1110 678 Man-ibba
1140 636 1229 686 ἹίΙ,
1260 633 1461 675 Marriba
1490 643 1534 674 (-).
1605 634 1747 679 Quum

274 725 422 758 autem
454 716 739 769 Calingorum
771 715 978 768 oppidum
1009 714 1187 754 Mariua
1219 712 1256 766 §.
1277 711 1368 751 159.
1399 711 1631 763 „dominos
1661 723 1748 750 om-

274 797 419 836 nium“
450 796 762 846 interpretetur
797 792 977 844 Plinius,
1003 791 1074 831 hic
1104 803 1278 844 quoque
1309 797 1443 842 caput
1470 789 1748 829 Minaeorum

275 874 430 915 eadem
455 870 776 927 significatione
806 869 1061 909 nominasse
1090 866 1313 921 putandus
1334 871 1422 906 est:
1451 864 1749 919 praeferenda

276 960 344 993 est
378 952 508 1005 igitur
535 962 588 990 ea
617 948 761 990 forma
793 960 923 1002 quam
954 956 987 988 Θ
1020 944 1212 996 exhibet,
1243 958 1375 998 quum
1405 958 1427 983 Β
1453 950 1496 984 et
1526 958 1550 983 v
1578 943 1748 997 saepis-

275 1032 382 1071 sime
429 1028 638 1070 confundi
683 1033 869 1068 constet.
948 1025 1184 1066 Diversum
1231 1037 1258 1065 a
1298 1023 1486 1064 maxima
1529 1023 1640 1063 urbe
1680 1029 1748 1064 est

277 1107 606 1159 „Palmalacum
638 1112 681 1145 et
712 1104 853 1157 ipsum
887 1116 974 1144 nou
1005 1102 1351 1156 spe1·nendum“‚
1396 1102 1749 1155 interpunctione

277 1187 405 1241 igitur
444 1182 808 1237 distinguendum.
890 1180 1068 1221 Carnon
1106 1193 1134 1219 a
1166 1177 1276 1220 Ptol.
1297 1178 1372 1220 Vl.
1399 1179 1439 1218 7.
1467 1178 1534 1221 34.
1566 1179 1749 1234 Καρμὰυ

1494 1258 1502 1267 ·
1523 1258 1531 1269 η
1579 1265 1591 1270 -
1612 1257 1621 1271 1

276 1342 480 1396 Κάρναυα
509 1352 712 1382 vocatum
749 1339 865 1379 haud
900 1339 1030 1379 dubie
1069 1345 1201 1391 caput
1231 1337 1566 1386 Carinaeorum‚
1608 1337 1748 1379 tribus

277 1421 567 1468 Minaeorum,
589 1417 679 1458 suit.
716 1417 916 1470 Apparet
947 1416 1075 1470 igitur
1105 1415 1223 1468 apud
1246 1414 1540 1456 Ptolemaeum
1572 1415 1748 1471 Καρυάν

275 1497 554 1538 scribendum
580 1509 698 1537 esse.
762 1495 891 1542 Quod
923 1502 1065 1534 autem
1096 1492 1352 1534 Fresuellus
1382 1494 1421 1533 in
1444 1494 1745 1536 Diurn.Asiat.

276 1583 301 1617 t.
322 1575 378 1618 X.
399 1574 517 1615 1840.
548 1588 591 1628 p.
613 1572 688 1613 181
718 1586 813 1627 sqq.
843 1573 1048 1613 laudatus
1080 1585 1105 1611 a
1135 1572 1306 1613 Rittero
1339 1572 1502 1625 Geogr.
1533 1580 1634 1614 tom.
1653 1573 1746 1615 ΧΙΙ.

276 1669 316 1708 p.
340 1653 436 1696 2281,
470 1652 670 1693 Mariaba
702 1649 1007 1690 Baramaleum
1036 1662 1061 1688 a
1092 1648 1188 1689 filiis
1218 1662 1368 1702 regum
1405 1649 1621 1703 appellari
1659 1657 1746 1690 sta-

278 1734 368 1785 tuit,
397 1731 658 1785 optimorum
690 1727 896 1767 librorum
929 1727 1152 1779 scriptura
1180 1740 1308 1781 quam
1326 1726 1522 1780 Silligius
1544 1727 1744 1770 restituit.

278 1809 503 1852 refellitur.
563 1806 855 1847 Palmalacum
889 1805 1002 1846 enim
1032 1804 1193 1845 Plinius
1213 1805 1384 1846 Mal-iva
1410 1788 1582 1860 quidem
1614 1806 1745 1847 unino-

277 1903 369 1930 rem
393 1888 473 1930 sed
496 1899 699 1940 magnam
722 1892 864 1925 tamen
883 1885 1034 1925 urbem
1053 1883 1193 1925 fuisse
1222 1884 1366 1934 tradit,
1398 1886 1587 1937 Carnon,
1619 1897 1747 1938 quam

278 1969 390 2008 inter
413 1966 614 2007 Minaeos
644 1965 833 2005 omnium
869 1964 1096 2003 maximam
1128 1961 1267 2003 fuisse
1285 1962 1448 2003 Strabo
1481 1962 1631 2013 refert,
1659 1977 1746 2005 non

277 2046 532 2088 accuratius
565 2043 787 2085 describit.
848 2042 912 2083 Eo
945 2055 1119 2096 quoquc
1149 2041 1346 2082 Ritterus
1379 2040 1532 2094 11:277.
1565 2039 1746 2090 fallitur,

279 2124 396 2178 quod
438 2136 462 2164 e
499 2121 619 2162 Plinii
657 2121 875 2163 sententia
914 2120 1083 2161 incolas
1124 2121 1249 2174 ipsos
1288 2133 1314 2159 a
1348 2118 1497 2159 Minoe
1534 2118 1746 2174 originem

280 2203 443 2242 ducere
476 2200 714 2240 arbitratus
748 2209 832 2242 est.
903 2198 1096 2239 Verbum
1128 2198 1241 2238 enim
1272 2201 1488 2252 „putant“
1518 2197 1573 2237 ad
1605 2197 1747 2239 Grae-

280 2294 358 2322 cos
390 2287 596 2319 auctores
626 2278 829 2331 pertinet,
862 2275 990 2316 sicuti
1021 2274 1134 2315 infra
1162 2274 1309 2330 §152
1339 2275 1467 2315 iidem
1493 2273 1746 2328 Euphraten

278 2361 320 2401 in
340 2359 507 2399 Arabia
533 2370 762 2411 emergere
791 2359 1021 2409 „putant‘⁶‚
1050 2353 1108 2395 cf.
1128 2353 1271 2395 Strab.
1290 2352 1401 2393 XVI.
1424 2353 1574 2407 p.741.
1608 2352 1744 2395 Paulo

279 2451 417 2492 supra
448 2442 569 2476 recte
595 2434 803 2475 Gelenius
837 2433 955 2473 Arra
987 2433 1081 2473 sive
1112 2432 1256 2485 potius
1271 2431 1388 2471 Arre
1405 2430 1599 2484 scripsit,
1631 2445 1744 2487 quae

279 2516 395 2571 apud
428 2513 724 2554 Ptolemaeum
756 2510 829 2550 Vl.
856 2508 974 2550 230.
996 2505 1121 2563 ’Άῤῥη
1151 2508 1270 2563 κώμη
1300 2510 1559 2550 nominatur.

823 2620 919 2668 158
943 2645 988 2664 =
1008 2618 1203 2668 ibidem.

343 2723 646 2783 Bacascami,
674 2721 970 2786 Riphearnla
1000 2718 1280 2785 oppidum
1314 2723 1395 2767 rel.
1689 2720 1776 2780 212¹-ss
