1914 3237
291 165 346 208 30
880 167 996 213 Liber
1019 169 1064 207 X
1071 170 1088 207 1
1094 170 1159 208 71.

292 296 449 336 moriae
481 295 709 349 legentium
739 296 1063 337 succurrendum
1098 308 1193 337 esse
1225 297 1405 351 putavit,
1449 295 1597 338 doctus
1628 296 1751 338 libra-

292 373 389 413 rius.
433 371 562 412 Cuius
593 373 807 427 glossema
842 374 879 414 in
912 374 1038 415 verbo
1071 383 1126 415 ese
1156 374 1379 415 manifesto
1412 373 1752 428 deprehenditur,

287 450 398 504 quod
432 451 470 492 in
504 450 594 491 cod.
629 450 665 490 1)
700 458 797 491 ante
829 461 949 502 alque
974 453 1183 493 inseritur.

177 580 257 622 302
865 565 921 609 14
961 584 998 601 Ξ
1039 566 1081 619 2,
1121 565 1164 610 2.

356 660 550 723 qnando
591 659 669 707 nix
708 674 939 722 aquarum
979 660 1262 708 caelestium
1299 675 1467 723 spuma
1506 665 1593 708 est.

401 746 626 801 Vulgatam
647 746 752 786 lianc
778 747 999 788 lectionem
1032 761 1056 788 a
1088 747 1174 787 Sill.
1196 748 1282 787 Ian.
1316 747 1441 800 recipi
1473 748 1659 801 potuisse
1691 755 1753 787 est

291 824 401 880 quod
434 825 620 875 mireris,
661 837 786 878 quum
819 824 910 865 cod.
943 839 967 865 a
1006 838 1097 865 eam
1130 838 1238 879 quae
1277 825 1488 865 sententia
1528 825 1754 879 flagitatur,

287 907 433 953 pruina
466 902 676 943 exhibeat.
708 901 791 942 Nix
821 908 886 942 eet
919 903 1028 942 enini
1057 903 1154 954 ,acri
1185 908 1382 943 concreta
1412 903 1574 956 pruina‘
1607 915 1752 942 secun-

292 980 389 1020 duin
422 979 663 1021 Lucretium
694 979 770 1021 111.
793 981 847 1022 20
879 985 1004 1034 atque
1036 981 1128 1035 ipsa
1157 981 1307 1035 pruina
1336 994 1361 1020 a
1382 980 1568 1035 Vergilio
1601 979 1753 1033 Georg.

291 1058 367 1098 Ill.
399 1058 479 1100 3154
511 1058 756 1112 appellatur.
813 1057 876 1099 Eo
903 1063 1066 1103 tantum
1098 1071 1122 1098 a
1153 1058 1301 1112 pruina
1333 1042 1497 1110 differt,
1530 1056 1640 1112 quod
1673 1071 1752 1097 non

293 1150 384 1176 rore
415 1135 554 1190 gelido
578 1135 653 1176 sed
672 1134 802 1176 imbre
828 1136 1025 1191 gignitur,
1057 1137 1213 1191 optime
1238 1136 1364 1190 igitur
1385 1136 1576 1176 imbrium
1610 1136 1754 1190 pruina

294 1215 320 1254 i.
351 1228 385 1254 e.
416 1213 548 1253 imber
579 1214 867 1268 conglaciatus
908 1223 1098 1265 vocatur,
1155 1227 1262 1268 quae
1310 1220 1451 1255 autem
1501 1228 1647 1268 spuma
1680 1213 1755 1253 im-

295 1292 427 1332 brium
467 1291 615 1332 dicitur
648 1305 696 1331 ea
727 1292 864 1332 minus
896 1292 1023 1334 etiam
1056 1305 1182 1346 quam
1212 1292 1292 1345 ipsi
1322 1291 1476 1332 imbres
1507 1291 1754 1345 conglaciat.

236 1402 244 1410 ,
296 1371 351 1410 At
381 1375 527 1410 contra
559 1372 594 1422 ξ.
632 1370 678 1411 18
722 1369 873 1411 iniuria
902 1370 1029 1411 iidem
1061 1370 1136 1410 riri
1168 1369 1280 1409 docti
1312 1370 1524 1424 vulgatam
1566 1373 1758 1419 fruuntur

295 1452 408 1500 aquis
440 1448 717 1502 neglexerunt
749 1454 875 1503 atque
906 1461 929 1489 e
959 1448 1041 1489 levi
1071 1447 1261 1489 codicum
1288 1449 1525 1502 corruptela
1559 1451 1756 1497 (finitura

289 1541 389 1577 quas
421 1540 471 1580 a,
500 1528 652 1574 [νηίτην
681 1530 795 1576 aquis
820 1526 870 1581 d)
903 1539 1054 1567 novam
1086 1527 1308 1567 lectionem
1335 1528 1512 1574 [ναέται-α
1537 1531 1648 1578 aqztae's
1683 1540 1754 1565 ex-

290 1604 509 1657 tuderunt,
569 1617 677 1658 quae
715 1617 807 1644 cum
851 1604 988 1645 verbis
1022 1603 1375 1660 praecedentibus
1406 1605 1577 1645 mininie
1619 1605 1754 1649 conci-

289 1683 426 1723 liatur.
498 1681 660 1722 Neutra
699 1682 809 1722 enim
848 1682 920 1723 illa
961 1682 1306 1735 ,mediterranea,
1364 1686 1600 1722 111001110οε1ι
1660 1687 1755 1721 sunt

290 1759 519 1812 πνεύματα
541 1759 617 1814 (cf.
649 1759 859 1815 Theophr.
892 1773 1004 1802 caus,
1037 1761 1090 1815 pl.
1121 1760 1176 1801 11.
1207 1761 1273 1816 3),
1300 1774 1453 1801 novum
1486 1765 1626 1800 autem
1659 1759 1754 1799 sub-

291 1840 445 1878 iectum
474 1847 564 1878 sala
608 1837 782 1878 verbum
812 1838 974 1878 finitum
1006 1838 1199 1893 requirit,
1250 1844 1295 1879 ut
1325 1837 1376 1879 ab
1410 1838 1491 1879 illis
1519 1836 1754 1878 nominibus
1826 1872 1839 1877 ,

292 1916 480 1957 eiusdem
520 1916 686 1970 generis
719 1915 1014 1971 distinguatur.

181 2028 262 2071 303
874 2029 936 2075 20
973 2044 1016 2063 =
1052 2029 1095 2085 2,
1132 2029 1175 2075 2.

354 2126 405 2174 111
442 2125 609 2174 Africa
644 2124 896 2175 meridiem
933 2126 1099 2175 vineas
1121 2129 1344 2190 spectare
1383 2129 1430 2174 et
1464 2125 1549 2172 viti
1572 2122 1752 2179 inutile,

357 2214 535 2266 0010110
572 2212 817 2263 insalubre
855 2219 944 2263 est.

400 2303 532 2343 lteete
572 2302 738 2357 quidem
770 2301 947 2342 lacunae
995 2302 1136 2356 signa,
1193 2314 1300 2356 quae
1332 2306 1429 2341 ante
1470 2314 1509 2342 v.
1541 2303 1607 2340 rili
1645 2298 1753 2339 Silli-

294 2382 386 2435 gius
413 2380 629 2435 apposuit,
661 2380 712 2419 ab
741 2379 844 2420 Iano
876 2379 1042 2420 sublata
1074 2383 1182 2431 sunt,
1218 2392 1359 2419 verum
1393 2377 1492 2432 quid
1524 2391 1603 2418 vox
1633 2385 1670 2417 el
1700 2375 1752 2417 ab

294 2459 513 2499 llarduino
548 2458 687 2498 deleta
716 2457 755 2498 h.
786 2458 811 2498 l.
844 2457 922 2498 sibi
953 2457 1072 2509 velit,
1101 2470 1185 2497 non
1217 2462 1280 2496 est
1312 2455 1589 2509 exploratum.
1636 2454 1753 2494 Seili-

295 2536 469 2577 0011100
506 2536 595 2576 1000
627 2543 663 2576 ει
701 2536 742 2576 in
773 2543 828 2575 est
856 2534 1127 2587 mutandum,
1175 2534 1307 2574 altero
1353 2531 1628 2574 omittendum
1677 2540 1753 2582 (¹513

297 2614 451 2655 omittit
480 2614 590 2653 enini
622 2613 713 2653 eod.
768 2616 806 2655 Θ
837 2626 973 2667 neque
1003 2612 1167 2652 facilius
1209 2610 1437 2665 quidquam
1479 2609 1565 2648 fieri
1608 2608 1754 2662 potuit,

296 2705 420 2747 quam
452 2696 518 2743 ut,
563 2704 655 2731 cuin
687 2690 816 2731 semel
848 2690 980 2731 altera
1010 2703 1091 2731 vox
1121 2694 1318 2743 corrupta
1349 2691 1482 2739 esset,
1523 2686 1656 2726 altera
1694 2686 1753 2725 in-

297 2775 516 2812 sereretur.
