1914 3237
736 171 867 214 Liber
897 171 1041 214 XIII.
1547 166 1624 207 175

214 304 353 355 sent3
390 298 469 345 ille
502 297 558 359 (ἱ.
581 315 622 344 e.
654 296 956 359 Terentius)
997 295 1061 341 ita
1089 292 1325 341 rationem
1363 291 1623 339 reddebat:

216 388 423 452 lapidem
461 387 614 435 fuisse
649 390 728 431 rel.
759 413 827 419 —
856 383 1138 432 arbitrarier
1175 387 1256 429 rel.

260 487 367 528 Tum
396 500 602 528 sermone
634 486 802 526 directo
834 483 975 525 addit:

212 567 268 614 In
306 566 379 613 his
412 564 545 613 libris
577 563 760 628 scripta
797 570 935 610 erant
965 559 1303 626 philosophiae
1333 560 1624 624 Pythagori-

214 671 317 715 cae,
351 672 534 720 eosque
567 655 845 702 combustos
881 669 908 699 a
939 652 1001 717 Q.
1023 650 1204 700 Petilio
1235 658 1482 715 praetore,
1514 651 1624 715 quia

213 746 551 811 philosophiae
589 745 772 809 scripta
809 751 990 792 essent.

147 834 311 877 Ultima
341 838 479 878 verba
509 837 568 878 ita
596 835 786 891 proferri
817 836 1017 891 potuisse
1042 846 1182 887 nego3
1213 833 1284 888 qui
1313 832 1425 873 enim
1459 832 1625 886 putabi-

146 927 265 965 muS,
305 914 517 956 Heminae
551 915 796 956 orationem
829 914 971 955 medio
1004 925 1140 953 sensu
1175 912 1234 952 ita
1264 925 1290 952 a
1324 910 1459 952 Plinio
1491 911 1625 952 inter-

147 993 303 1047 rumpi,
334 1000 379 1034 ut
408 992 538 1033 finem
563 991 830 1033 narrationis
861 990 1036 1046 obliquo
1067 1002 1274 1031 sermone
1304 989 1402 1043 ipse
1432 990 1624 1043 adiiciat,

147 1084 278 1126 quum
317 1070 577 1124 praesertim
616 1070 778 1111 nullum
815 1070 997 1110 verbum
1035 1068 1200 1110 finitum
1237 1076 1473 1123 sequatur,
1509 1068 1624 1109 unde

146 1148 430 1190 accusativus
469 1147 540 1189 ille
579 1161 676 1188 cum
717 1147 926 1189 infinitivo
966 1147 1139 1188 iunctus
1176 1146 1381 1200 pendeat.
1438 1147 1625 1188 Accedit

145 1229 262 1284 quod
294 1228 335 1269 in
370 1228 516 1270 cod.a
536 1240 722 1282 prorsus
753 1226 927 1278 desunt,
955 1227 996 1267 in
1021 1226 1047 1266 d
1079 1225 1226 1266 mutila
1248 1224 1465 1278 leguntur.
1507 1225 1626 1272 Qua-

145 1315 328 1361 propter
359 1306 400 1347 in
418 1305 614 1360 margine
642 1303 876 1359 archetypi
905 1303 1057 1344 addita
1088 1302 1228 1344 fuisse
1259 1303 1478 1351 existimo,
1509 1303 1625 1345 unde

144 1398 303 1425 manca
334 1391 377 1425 et
407 1382 666 1438 imperfecta
697 1382 739 1423 in
770 1381 908 1423 libros
940 1381 1039 1422 illos
1073 1388 1258 1435 recepta
1285 1381 1385 1423 sint,
1453 1382 1625 1429 Quodsi

144 1465 241 1519 quis
270 1478 350 1518 pro
383 1463 654 1517 glossemate
692 1460 809 1502 docti
844 1461 1019 1502 scribae
1057 1460 1225 1502 habere
1258 1460 1384 1512 velit,
1421 1461 1489 1502 cui
1522 1476 1624 1516 pro·

144 1541 247 1597 (ligii
283 1541 461 1591 exitum,
493 1538 664 1596 qualem
697 1538 816 1593 apud
849 1538 1018 1579 Livium
1049 1538 1145 1582 XL.
1166 1538 1230 1581 ⁶29.
1268 1538 1456 1595 legerat,
1489 1554 1621 1581 anno-

142 1628 237 1662 tare
269 1619 458 1674 libuerit,
489 1633 575 1660 non
605 1617 893 1659 veliementer
922 1619 1197 1673 repugnabo.
1241 1619 1447 1661 Praestat
1477 1629 1621 1662 tamen

144 1713 198 1742 ea
241 1699 438 1741 sortasse
478 1698 590 1740 ratio
632 1711 717 1753 qua
757 1698 934 1739 sincera
976 1698 1152 1753 quidem
1191 1697 1312 1739 l’linii
1349 1700 1487 1741 verba
1519 1713 1622 1741 esse

144 1779 429 1828 arbitremur,
461 1778 542 1819 secl
575 1777 824 1832 importuno
855 1776 952 1819 loco
983 1779 1160 1820 inserta.
1221 1778 1402 1821 Scilicet
1431 1781 1530 1821 dum
1563 1781 1623 1821 ita

146 1858 452 1914 prosequitur:

211 1938 327 1985 Hoc
359 1936 488 1984 idem
522 1934 669 1983 tradit
702 1934 819 1983 Piso
854 1935 1107 1983 censorius
1139 1937 1296 2000 primo
1333 1944 1622 1985 commenta-

212 2029 416 2088 riorum,
452 2027 540 2074 sed
580 2026 727 2074 libros
759 2033 948 2091 septem
977 2026 1098 2075 iuris
1128 2028 1365 2092 pontificii
1401 2029 1622 2077 totidem-

213 2136 308 2183 que
339 2116 700 2182 Pythagoricos
737 2115 921 2176 fuisse3

142 2207 230 2250 huc
260 2209 399 2249 verba
431 2207 505 2248 illa
535 2207 773 2247 reiicienda
808 2220 910 2247 esse
939 2219 1106 2247 censeo
1137 2230 1188 2236 --
1216 2221 1369 2268 eosque
1390 2207 1624 2249 cornibustos

141 2286 217 2328 rel.
251 2286 435 2327 Hemina
464 2285 578 2326 enim
609 2283 715 2324 nihil
749 2283 801 2325 de
823 2284 916 2325 iure
938 2283 1163 2338 pontificio
1180 2283 1307 2335 libitis
1334 2285 1492 2337 retulit,
1521 2287 1622 2329 Piso

145 2367 351 2407 diversae
382 2364 542 2406 indolis
574 2363 710 2404 libros
741 2362 883 2404 fuisse
913 2363 1091 2403 monuit.
1145 2364 1293 2417 Pergit
1327 2364 1511 2406 Plinius:

213 2444 492 2492 Tuditanus
513 2449 686 2506 quarto
702 2440 892 2489 decimo
907 2440 1094 2488 Numae
1115 2441 1426 2490 decretorum
1448 2444 1622 2503 fuisse3

209 2535 360 2581 libros
394 2532 653 2581 duodecim
683 2531 837 2578 fuisse
870 2529 976 2594 ipse
1003 2530 1157 2578 Varro
1193 2530 1510 2580 humanarum
1543 2550 1623 2581 an-

209 2625 483 2689 tiquitatum
533 2621 767 2686 septimo,
805 2621 976 2670 Antias
1016 2621 1233 2669 secundo
1278 2622 1427 2670 libros
1469 2623 1621 2672 fuisse

209 2715 310 2763 XII
347 2714 653 2779 pontificales
699 2711 928 2772 Latinos,
973 2710 1175 2759 totidem
1216 2710 1441 2761 Graecos
1482 2730 1623 2778 prae-

209 2811 349 2868 cepta
385 2801 723 2870 philosophiae
763 2800 1084 2850 continentes.
