1914 3237
732 165 851 204 Liber
884 164 1090 204 XXXIII.
1562 155 1642 198 209

284 296 425 344 Quid?
465 295 740 336 obrussamne
770 293 948 334 aurum?
988 292 1112 332 immo
1145 290 1318 330 obrussa
1352 290 1439 330 auri
1475 293 1538 328 est
1568 301 1639 327 ex-

174 375 468 429 perimentum.
527 374 855 426 Interpungatur
886 374 1072 424 oportet:

231 477 284 482 --
313 450 568 501 ἱῃηθεεὲιίᾳιιθ
597 458 632 490 et
662 454 808 501 ipsum:
838 452 1045 489 obrussam
1078 455 1231 487 vocant.

784 567 844 611 67
859 581 902 599 =
924 565 1048 619 421.
1343 599 1345 601 ,
1673 552 1752 595 Ῑ29

241 652 425 700 Α111·11111
478 651 559 714 qui
596 653 834 714 quaerunt
879 654 990 697 ante
1041 648 1201 698 omnia
1235 646 1495 710 segutilum
1551 643 1644 693 tol-

240 739 366 797 lunt3
405 739 469 787 ita
507 743 709 787 vocatur
744 737 990 786 indicium.
1045 735 1253 799 [Alveus
1289 734 1368 782 hie
1406 732 1495 785 estl
1534 733 1644 780 har-

241 842 463 890 enaeque
503 826 726 874 lavantur
761 830 905 889 atque
944 841 1005 874 ex
1041 840 1099 873 eo
1138 825 1267 888 quod
1308 822 1488 870 resedit
1527 835 1643 869 eon-

240 917 425 964 ieetura
462 915 661 979 eapitur.

286 1003 522 1058 Segutilum
554 1002 605 1042 ab
638 1001 757 1042 alveo
790 1001 1000 1042 diversum
1031 1000 1072 1040 in
1105 999 1224 1040 alveo
1258 1011 1333 1037 seu
1366 997 1482 1037 fossa
1513 997 1641 1036 lavari

175 1082 462 1135 harenamque
501 1080 718 1120 continere
744 1085 931 1134 apparet.
991 1079 1130 1132 Atque
1172 1076 1334 1116 alveum
1367 1074 1526 1114 Plinius
1558 1086 1641 1113 non

176 1165 267 1200 erat
297 1173 369 1199 eur
408 1163 776 1209 commemoraret,
825 1156 1167 1197 commemoravit
1206 1154 1352 1193 doetus
1398 1152 1466 1192 ille
1516 1152 1641 1191 inter-

176 1239 362 1293 polator3
407 1237 497 1290 ipse
530 1235 755 1289 segutilum
788 1235 990 1276 harenam
1023 1232 1153 1274 lavari
1185 1232 1380 1272 narravit.
1430 1230 1576 1283 ltaque
1606 1228 1641 1269 B

176 1316 381 1370 scriptura
442 1317 641 1357 that-enm
697 1327 776 1363 qua
824 1317 1009 1358 laetatur)
1067 1316 1256 1353 eoi-reeta
1297 1315 1337 1350 et
1385 1308 1642 1362 glossemate

177 1393 352 1448 expulso
385 1392 611 1447 legendum
643 1406 736 1432 esse
767 1404 942 1432 censeo:

232 1498 283 1502 —
314 1475 500 1512 incliee'mn
529 1473 729 1521 harenae,
760 1484 876 1520 quae
904 1474 1086 1515 lavatur
1117 1467 1186 1508 rel.

721 1576 779 1621 69
803 1570 1070 1619 :ibidem
1565 1571 1755 1619 730—32

245 1658 499 1724 Vagantur
533 1659 579 1707 hi
618 1674 848 1707 venarum
884 1658 1079 1708 canales
1110 1672 1195 1721 per
1218 1656 1365 1704 latera
1393 1661 1644 1720 puteorum

247 1752 294 1796 et
329 1748 426 1797 huc
458 1748 587 1796 illue.

291 1835 459 1877 Scribe:
493 1844 701 1887 puteorum
731 1837 810 1875 leuc
847 1842 882 1874 et
919 1837 1024 1875 illuc.
1057 1859 1105 1864 —
1165 1832 1214 1873 In
1246 1833 1282 1887 §.
1314 1833 1368 1875 ΤΟ
1397 1831 1526 1873 verba
1570 1846 1647 1883 ,ar-

181 1914 324 1968 rugias
355 1913 398 1954 id
429 1927 564 1969 genus
596 1915 761 1954 voeant‘
800 1913 842 1953 in
873 1911 1116 1967 parenthesi
1163 1910 1410 1952 collocanda
1442 1921 1560 1961 sunt,
1605 1921 1647 1949 ut

182 1993 376 2046 proxima
417 1992 546 2033 verba
577 2005 670 2032 eum
708 1991 847 2045 priore
878 2004 1006 2030 sensu
1044 1990 1175 2030 artius
1216 1989 1482 2030 cohaereant.
1546 1988 1649 2028 item

183 2072 219 2122 ξ.
250 2072 300 2113 Ἡ
331 2071 462 2111 verba
492 2071 541 2123 ,si
572 2070 736 2124 longior
771 2096 811 2100 -
849 2068 1076 2123 ambitque‘
1108 2082 1200 2108 eum
1231 2068 1431 2121 proximis
1463 2066 1651 2120 superio-

185 2148 297 2189 ribus
329 2148 623 2204 coniungenda
669 2153 795 2201 atque
831 2160 855 2187 a
886 2161 917 2186 v
980 2146 1048 2195 ,Et
1080 2149 1236 2186 tamen*
1282 2159 1391 2186 nova
1441 2145 1653 2185 sententia

183 2226 388 2266 ordienda
411 2232 487 2266 est.

1713 2293 1717 2299 -
1739 2288 1760 2307 ·)

747 2305 808 2351 72
832 2323 874 2340 --
896 2302 1092 2351 ibidem.
1682 2285 1762 2329 73³⁶

254 2387 459 2438 Peracto
498 2405 648 2454 opere
671 2390 892 2439 eervices
920 2390 1157 2439 fornicum
1178 2389 1237 2437 ah
1261 2387 1425 2437 ultimo
1453 2389 1648 2446 eadunt3

255 2477 335 2525 (lat
372 2477 565 2541 signum
601 2479 736 2527 ruina
790 2494 994 2542 eamque
1033 2478 1168 2528 solus
1204 2476 1446 2541 intellegit
1494 2478 1539 2525 in
1579 2494 1658 2524 ea-

254 2567 444 2615 cumine
485 2566 589 2614 eius
616 2567 793 2615 montis
834 2567 964 2630 vigil.

298 2654 337 2694 Is
370 2655 528 2695 scilieet
559 2655 627 2709 qui
657 2655 698 2694 in
732 2669 894 2695 summo
926 2660 1068 2695 monte
1100 2654 1330 2695 collocatus
1362 2660 1428 2695 est
1458 2655 1555 2709 vigil
1588 2654 1656 2694 ubi

191 2732 399 2773 intellexit
428 2733 600 2774 iamiam
633 2733 721 2773 fore
751 2738 797 2774 ut
826 2747 946 2773 mons
979 2739 1166 2785 corruat,
1210 2737 1280 2773 dat
1309 2738 1463 2783 siquam
1494 2738 1657 2774 ruinae.

191 2811 338 2864 Itaque

1414 2892 1468 2933 14
