1914 3237
753 155 870 194 Liber
906 156 1084 195 XXXV.
1573 153 1654 196 229

187 284 287 339 quid
317 283 468 326 deesse
498 284 683 338 videtur;
713 284 826 340 quod
855 285 965 325 enim
983 284 1112 326 Ianus
1143 285 1252 327 hanc
1279 284 1485 326 codicisB
1507 285 1652 326 lectio—

186 375 284 403 nem
314 364 486 417 rccepit,
518 361 731 418 quomodo
762 363 963 417 explicari
992 363 1112 415 velit,
1142 376 1225 404 non
1257 377 1472 418 assequor.

751 466 839 512 171
866 487 909 505 =
935 465 1091 522 14,49.
1683 488 1763 531 783

258 580 311 585 --„
352 551 398 599 in
448 550 674 600 ulteriore
724 551 980 616 Hispania,
1037 552 1312 602 civitatibus
1350 550 1557 600 Maxilua
1610 556 1656 600 ct

253 638 485 697 Calento,
532 640 649 688 liunt
686 639 863 689 lateres
915 640 995 704 qui
1032 640 1200 689 siccati
1237 656 1334 690 non
1373 644 1656 704 merguntur

251 742 299 775 ln
336 742 476 791 aqua.

297 819 438 855 callent
465 814 501 855 B
533 819 692 855 caulem
723 814 771 855 R.
804 814 922 855 Idem
953 815 1154 870 oppidum
1185 815 1261 857 III.
1295 815 1346 857 12
1380 819 1502 856 Callet
1531 829 1655 856 voca-

186 899 275 946 tur,
323 893 593 934 manifestum
627 898 691 933 est
735 893 861 947 igitur
895 898 1010 934 recte
1039 881 1054 930 1
1087 893 1269 934 litteram
1308 894 1350 934 in
1381 893 1417 933 B
1447 898 1561 934 recte
1591 893 1655 935 bis

187 971 312 1012 scribi
343 976 385 1012 et
415 971 527 1027 apud
558 971 795 1012 Vitruvium
826 971 880 1013 II.
913 973 960 1024 ὃ,
990 972 1017 1012 4
1047 972 1252 1026 corruptis
1282 971 1422 1013 verbis
1469 971 1524 1024 ,in
1557 971 1654 1013 Gal-

186 1049 266 1090 liis‘
295 1049 408 1090 idem
441 1062 595 1090 nomen
629 1049 846 1090 contineri.

523 1154 613 1199 175
635 1174 693 1192 =
718 1154 856 1208 15‚50
912 1151 1000 1210 (de
1037 1151 1319 1215 sulphure).
1682 1174 1763 1217 734

252 1240 443 1290 Genera
480 1244 715 1303 quatuor:
754 1238 916 1286 vivum
957 1239 1090 1302 quod
1135 1238 1306 1288 Graeci
1343 1255 1529 1304 apyron
1568 1256 1656 1290 vo-

252 1334 388 1387 cant,
450 1327 666 1377 nascitur
701 1327 912 1377 solidum
952 1327 1065 1391 [hoc
1102 1333 1176 1377 est
1209 1327 1428 1393 glaeba];
1482 1328 1654 1388 solum,

252 1423 414 1467 cetera
452 1416 578 1465 enim
614 1415 804 1480 liquore
842 1422 1067 1466 constant
1105 1421 1152 1465 et
1183 1417 1506 1467 conficiuntur
1542 1417 1653 1467 oleo

251 1506 457 1563 incocta,
497 1504 661 1553 vivum
699 1504 925 1554 effoditur
959 1503 1264 1570 tralucetque
1293 1511 1341 1555 et
1374 1505 1508 1563 viret,
1546 1505 1654 1555 solo

252 1611 313 1644 ex
350 1592 576 1643 omnibus
616 1592 791 1642 medici
830 1597 1038 1641 utuntur.
1112 1592 1331 1642 Alterum
1373 1609 1534 1658 genus
1572 1610 1656 1659 ap—

251 1681 438 1749 pellant
473 1680 702 1745 glaebam
738 1680 823 1730 rel.

305 1769 502 1811 Vossiani
533 1768 689 1810 codicis
722 1769 974 1810 auctoritate
1004 1783 1120 1822 usus,
1152 1783 1334 1824 quocum
1359 1769 1448 1811 fere
1478 1784 1656 1811 consen-

185 1850 234 1890 tit
264 1849 317 1900 B,
363 1848 601 1889 Gronovius
644 1848 766 1888 Plinii
798 1847 1032 1888 orationem
1062 1847 1242 1888 molesta
1272 1848 1521 1902 repetitione
1553 1847 1655 1889 libe—

183 1932 319 1969 ratam
349 1927 409 1967 ita
440 1931 486 1967 ut
516 1940 626 1967 nunc
647 1926 799 1981 legitur
821 1926 1096 1981 sagacissime
1113 1926 1311 1979 restituit,
1341 1938 1480 1980 neque
1512 1931 1655 1967 tamen

184 2006 325 2047 omnia
356 2004 537 2046 absolvit
567 2004 628 2044 vir
658 2003 1038 2059 ingeniosissimus.
1088 2005 1277 2045 Primum
1309 2004 1419 2045 enim
1449 2004 1656 2045 voeabula

184 2084 349 2137 ,solum‘
381 2083 498 2136 ,solo‘
539 2083 719 2137 repetita
752 2081 975 2137 displicent
1006 2087 1233 2138 propterea
1278 2082 1390 2138 quod
1422 2083 1601 2124 alterum
1632 2098 1657 2124 a

183 2175 286 2203 voce
318 2165 443 2202 vivum
473 2161 574 2201 item
605 2160 668 2201 bis
700 2160 840 2214 posita
868 2161 1035 2216 longius
1067 2160 1209 2214 distat,
1242 2166 1330 2202 tum
1362 2175 1446 2202 non
1475 2161 1656 2216 primum

183 2253 318 2294 genus
350 2237 530 2293 ‚glaeba‘
561 2238 765 2293 appellari
795 2238 932 2292 potuit
963 2239 1076 2294 quod
1108 2238 1283 2280 secundi
1310 2238 1479 2294 generis
1500 2253 1656 2281 nomen

184 2323 268 2370 est,
314 2322 528 2372 postremo
559 2317 702 2357 nescio
734 2330 807 2357 cur
837 2330 920 2357 vox
947 2317 1159 2369 ,solidum‘
1188 2317 1414 2372 perspicua
1445 2323 1487 2358 et
1516 2317 1654 2359 Plinio

183 2395 339 2436 usitata
387 2394 736 2449 interpretatione
786 2408 911 2449 egere
957 2394 1160 2436 videatur.
1236 2394 1364 2436 Error
1415 2395 1542 2450 igitur
1585 2396 1655 2436 ille

182 2473 449 2514 librariorum
493 2473 563 2528 qui
595 2478 636 2513 et
665 2473 707 2513 in
738 2472 776 2513 V
819 2472 1002 2514 inductis
1044 2473 1254 2528 prioribus
1293 2473 1431 2514 verbis
1478 2478 1520 2514 et
1547 2474 1589 2514 in
1618 2474 1653 2514 B

182 2551 347 2593 lineolis
377 2551 558 2606 margini
589 2551 744 2593 additis
777 2550 1000 2604 indicatur,
1033 2565 1114 2606 quo
1133 2552 1385 2593 sententiam
1420 2553 1570 2605 ‚solum
1602 2566 1655 2592 ex

184 2630 378 2671 omnibus
409 2630 563 2671 medici
593 2635 767 2671 utuntur
797 2630 975 2671 alterum
1006 2632 1154 2685 genus‘
1185 2636 1283 2685 post
1309 2645 1346 2671 v,
1380 2631 1560 2686 ,glaeba‘
1591 2632 1653 2671 in-

183 2709 419 2761 culcarunt,
466 2709 730 2765 eandemque
770 2709 905 2764 qualis
951 2722 1062 2749 nunc
1108 2709 1262 2764 legitur
1307 2715 1405 2765 post
1436 2724 1472 2750 v.
1519 2711 1652 2762 ,viret‘

179 2787 480 2841 repetiverunt,
510 2802 597 2830 non
614 2788 750 2830 solum
782 2792 848 2829 est
863 2787 1008 2829 vitium
1041 2801 1122 2843 quo
1141 2788 1274 2830 oratio
1299 2789 1514 2844 scriptoris
1534 2788 1652 2830 labo-
