1914 3237
178 869 260 914 764

288 147 369 191 222
860 149 975 188 Liber
1004 149 1182 187 XXXV.

288 278 458 331 vulgato
507 289 588 331 quo
628 276 776 316 utebar
820 277 1013 331 exemplo
1046 276 1314 330 legebantur,
1359 275 1427 330 qui
1460 280 1502 316 et
1532 274 1643 329 apud
1676 274 1752 315 Sil-

288 355 430 408 ligium
463 359 503 394 et
535 353 648 408 apud
677 353 823 394 Ianum
854 354 1119 394 emendatius
1151 354 1400 394 scribuntur.
1459 352 1582 400 Quod
1612 358 1750 393 autem

287 432 325 485 §.
356 431 408 473 56
440 440 625 482 apparel,
673 431 709 485 §.
742 432 792 473 57
823 436 1118 481 increhrtwrul,
1166 434 1203 485 ᾖ.
1234 432 1286 473 82
1317 441 1352 469 er
1394 443 1551 471 reverso
1591 430 1751 483 scripsi,

290 509 645 564 ssambergensem
677 508 863 550 codicem
908 515 1077 549 secutus
1109 523 1226 561 sum,
1276 509 1327 549 de
1358 523 1439 564 quo
1473 509 1581 549 falsa
1611 522 1630 547 a
1665 507 1751 547 Sin.

288 587 519 627 traduntur.
579 587 616 640 §-
654 589 700 629 17
731 600 840 626 nunc
870 586 998 627 Ianus
1033 588 1223 627 lacunam
1247 588 1405 644 *inesse
1455 587 1602 627 statuit
1642 594 1752 625 recte

288 671 331 705 ut
361 664 547 716 videtur,
601 665 638 718 §.
670 664 721 706 19
755 663 865 704 idem
912 664 1020 705 bene
1059 678 1080 704 e
1116 666 1145 704 Β
1180 667 1304 705 Pacui
1352 678 1433 704 non
1469 667 1632 704 Pacuvii
1672 663 1752 717 legi

288 742 428 784 voluit.

855 846 915 891 29
956 859 1006 876 =
1044 846 1171 900 5‚11.

356 929 540 991 Quibus
578 929 824 979 coloribus
861 929 1068 994 singulis
1106 931 1240 994 primi
1279 930 1577 994 pinxissent,
1632 930 1753 977 dixi-

354 1033 460 1067 mus
499 1033 608 1067 cum
646 1018 706 1066 de
741 1016 817 1066 his
854 1017 1114 1081 pigmentis
1166 1018 1468 1066 traderemus
1505 1019 1548 1066 in
1586 1016 1754 1066 metal-

354 1105 426 1155 lis.
499 1105 632 1166 Quae
686 1121 799 1155 mox
846 1103 1259 1169 lneogrammatea
1299 1122 1485 1170 genera
1540 1106 1752 1170 picturae

358 1199 608 1256 vocantur]
640 1194 721 1257 qui
758 1193 937 1242 deinde
975 1199 1021 1242 et
1059 1209 1182 1257 quae
1205 1194 1478 1243 invenerint
1502 1199 1547 1241 el
1578 1194 1753 1256 quibus

355 1282 668 1347 temporibUS‚
709 1282 928 1330 dicemus
966 1282 1009 1329 in
1050 1282 1293 1331 mentione
1331 1282 1580 1330 artificum.

398 1381 463 1421 Ita
487 1381 593 1434 Sili,
640 1382 709 1436 qui
741 1381 992 1423 sententiam
1039 1381 1151 1422 illam
1183 1380 1348 1422 videtur
1394 1380 1675 1430 intellexisse,
1721 1379 1753 1419 si

290 1468 430 1501 tamen
463 1460 672 1500 sententia
703 1459 955 1514 appellanda
985 1468 1060 1510 est,
1093 1458 1286 1511 equidem
1308 1472 1375 1498 me
1398 1458 1498 1498 nihil
1522 1457 1755 1512 intelligere

291 1538 444 1591 fate0r3
496 1551 632 1592 neque
677 1551 802 1592 quam
851 1538 977 1577 [anus
1036 1537 1268 1577 orationem
1315 1536 1437 1576 Plinii
1488 1548 1581 1576 esse
1626 1535 1751 1575 voluit

291 1616 374 1671 ,qui
409 1641 449 1645 —
487 1629 595 1670 quae
626 1618 844 1655 vocantur‘
874 1615 946 1655 rel.
986 1614 1116 1655 multo
1147 1614 1377 1655 faciliorem
1417 1613 1630 1654 intellectu
1661 1626 1753 1652 esse

291 1694 536 1748 putaverim.
568 1693 675 1734 Nam
702 1693 922 1734 relativum
953 1696 1020 1743 qui
1050 1692 1112 1733 bis
1141 1692 1184 1733 in
1207 1691 1327 1733 codd.
1347 1692 1528 1746 positum
1560 1704 1584 1731 a
1614 1704 1751 1745 gram-

291 1771 457 1822 matica,
488 1772 664 1811 alterum
685 1780 720 1811 e(
738 1784 840 1822 qnae
856 1784 880 1811 a
897 1772 957 1811 rei
974 1771 1150 1811 veritate
1165 1770 1376 1822 abhorret,
1407 1782 1551 1810 vocem
1573 1768 1753 1823 denique

290 1857 608 1901 neom-ammalea
629 1848 835 1889 Graecam
855 1862 948 1889 esse
978 1849 1069 1903 quis
1095 1847 1328 1890 concedet?
1362 1847 1581 1901 Duplicem
1612 1850 1752 1887 autem

291 1929 331 1968 in
364 1927 533 1968 modum
565 1941 589 1967 a
620 1927 798 1967 librariis
837 1932 1056 1981 peccatum
1090 1932 1165 1978 est,
1198 1940 1220 1966 e
1252 1925 1401 1980 quibus
1425 1924 1752 1978 Bambergensis

292 2019 417 2047 verae
431 2005 622 2046 lectionis
641 2005 821 2059 vestigia
836 2004 984 2045 saltem
1001 2008 1220 2055 monstrat,
1240 2002 1390 2057 quibus
1408 2003 1600 2043 insistere
1619 2002 1753 2043 liceat.

292 2083 435 2124 Habet
461 2083 571 2123 enim
608 2091 927 2133 ueoyrcmematae
957 2096 1084 2133 agap.
1118 2090 1324 2133 vocamur,
1357 2080 1467 2120 unde
1499 2079 1609 2119 haud
1628 2079 1754 2119 dubie

293 2161 546 2202 substantivi
577 2162 750 2202 alieuius
786 2161 937 2201 Graeci
967 2161 1093 2200 finem
1134 2173 1227 2200 eum
1259 2160 1503 2212 pronomine
1533 2158 1755 2204 lucramur,

294 2253 374 2295 quo
408 2239 459 2279 ad
492 2239 673 2293 priorem
705 2251 874 2279 sensum
906 2251 1164 2279 revocamur.
1223 2237 1388 2278 Primae
1420 2240 1559 2276 autem
1593 2235 1755 2275 litterae

294 2331 316 2357 e
360 2319 552 2372 proxima
595 2316 744 2357 vocula
792 2317 850 2356 ita
898 2317 1061 2358 restitui
1109 2316 1228 2356 licet:
1289 2321 1634 2364 monem-ammam.
1702 2314 1758 2352 At

294 2394 664 2447 ,monochroniata‘
708 2395 812 2435 tales
847 2395 1034 2449 picturae
1073 2408 1098 2435 a
1126 2394 1258 2434 Plinio
1291 2392 1584 2447 appellantur?
1631 2390 1756 2430 audio

294 2473 479 2513 locorum
510 2473 824 2512 notissimorum
857 2471 1059 2513 XXXIII.
1101 2473 1184 2523 117,
1215 2469 1394 2511 XXXV.
1431 2471 1473 2513 Ιῦ
1508 2468 1601 2517 (ubi
1625 2481 1646 2507 e
1665 2467 1753 2508 cod.

295 2551 342 2591 Β.
374 2564 394 2590 e
425 2554 744 2591 monochromato
776 2550 859 2605 legi
890 2554 1078 2604 oportet)
1114 2549 1219 2589 bene
1246 2561 1420 2598 memor,
1451 2559 1587 2601 neque
1619 2559 1644 2585 a
1673 2545 1756 2585 l'li-

295 2629 363 2669 nio
395 2629 484 2683 ipso
516 2628 590 2668 sed
623 2642 646 2668 a
676 2628 948 2682 grammatico
979 2627 1049 2667 illo
1082 2640 1225 2668 vocem
1258 2626 1458 2680 optimam
1491 2624 1542 2664 ab
1561 2636 1612 2663 ea
1629 2635 1753 2677 quam

295 2707 530 2761 antiquiore
560 2710 699 2746 aetate
730 2706 810 2746 vim
853 2705 1038 2746 habebat
1069 2704 1276 2745 deflexam
1314 2704 1381 2744 hic
1411 2707 1578 2757 praeter
1609 2714 1755 2741 neces-

300 2786 467 2827 sitatem
498 2783 683 2824 additam
721 2797 815 2824 esse
846 2796 1012 2824 censeo.
1074 2784 1136 2823 lta
1164 2783 1275 2823 enim
1305 2794 1412 2836 quae
1446 2787 1605 2821 restant
1637 2778 1759 2819 facile
