1914 3237
290 137 370 189 150
856 142 973 186 Liber
992 142 1038 188 X
1036 143 1081 182 Χ
1087 142 1177 182 VII.

291 274 414 326 turae,
440 267 619 319 vestigia
651 270 976 314 conservaverit.
1024 270 1153 313 Velut
1182 272 1218 326 ἓ.
1238 271 1291 314 25
1315 271 1442 327 vulgo
1469 276 1585 321 recte
1609 276 1754 325 Syriae

288 348 372 403 legi
402 344 673 388 Dioscorides
703 345 780 387 111.
812 347 892 390 140
942 353 1088 390 auctor
1126 353 1200 391 est.
1259 352 1435 394 Histriae
1479 349 1629 406 reliqui
1658 350 1754 398 libri

290 425 491 468 exhibent
510 423 620 466 male
637 429 885 478 correctum,
916 430 1079 468 istoriae
1108 441 1147 481 a,
1178 441 1200 469 e
1229 441 1311 483 quo
1335 427 1406 470 ubi
1436 427 1643 483 syllabam
1673 432 1707 475 is
1730 442 1753 470 e

289 503 481 558 proximo
511 502 717 544 vocabulo
748 508 954 545 maritimis
984 504 1095 546 male
1125 506 1347 561 repetitam
1386 505 1594 552 deleveris
1621 510 1755 551 suriae

210 591 214 596 '
290 582 414 624 facile
444 580 691 623 restituitur.
1568 581 1571 584 ⁴

181 671 262 714 564
915 664 945 710 2
964 676 1018 695 =
1042 665 1130 720 1,1.

357 747 639 814 Scythicam
675 747 875 798 herbam
925 763 952 797 a
990 748 1190 800 Maeotis
1249 748 1510 815 paludibus
1564 755 1611 799 et
1672 766 1757 800 eu-

358 837 611 903 phorbiam
645 852 670 886 6
707 843 871 887 monte
909 835 1106 887 Atlante
1152 837 1374 902 ultraque
1412 837 1637 889 HerculiS
1673 854 1758 889 co-

360 926 548 975 lumnas
585 930 632 974 et
666 925 774 990 ipso
812 940 970 975 rerum
1007 929 1207 976 naturae
1244 926 1440 976 defectu
1476 925 1561 977 rel.

401 1014 645 1056 Ablativum
667 1013 780 1055 nullo
811 1013 937 1055 modo
969 1015 1169 1070 explicari
1183 1027 1325 1070 posse,
1354 1014 1537 1068 ,defectu
1566 1018 1757 1063 naturae‘

294 1093 463 1135 deserta
497 1092 660 1133 Atlanti
712 1092 850 1134 vicina
897 1092 1124 1148 significari
1177 1097 1372 1150 apparet,
1424 1093 1475 1136 cf.
1514 1093 1564 1136 V.
1606 1094 1658 1138 15
1697 1108 1757 1150 sq.

295 1172 442 1226 Itaque
473 1170 599 1211 scribi
630 1174 816 1225 oportet:

348 1261 407 1289 ex
436 1252 522 1299 ipso
552 1272 604 1277 —
636 1249 801 1296 defectu.
863 1249 899 1303 ἓ.
931 1249 957 1290 4
990 1250 1142 1289 Caelius
1172 1253 1287 1290 recte
1316 1249 1610 1291 Ruhnkenius.

184 1362 263 1405 565
720 1342 748 1388 5
775 1353 827 1373 =
847 1342 939 1397 2,2.
985 1338 1072 1399 (de
1109 1339 1341 1397 aconito).

357 1426 429 1476 Ea
465 1431 541 1476 est
574 1431 746 1475 natura
783 1431 831 1475 ut
866 1425 1113 1476 hominem
1149 1427 1366 1485 occidat,
1402 1426 1494 1476 nisi
1520 1425 1761 1478 invenerit

361 1515 496 1579 quod
531 1514 579 1562 in
616 1514 812 1564 homine
850 1515 1065 1580 perimat.
1130 1514 1248 1565 Cum
1283 1530 1343 1565 eo
1380 1513 1487 1566 solo
1526 1513 1761 1566 collucta-

363 1607 439 1652 tur
474 1600 625 1651 veluti
677 1603 778 1667 pari
814 1602 943 1652 intus
979 1603 1211 1663 invent03
1274 1602 1381 1653 sola
1424 1602 1548 1652 haec
1597 1617 1761 1668 pugna

362 1695 450 1749 est,
489 1706 598 1739 cum
636 1705 882 1739 vencnum
918 1690 964 1739 in
1004 1690 1275 1740 visceribus
1310 1691 1490 1756 reperit
1523 1688 1609 1740 rel.

409 1778 472 1830 (R
500 1778 663 1833 deficit)
699 1783 820 1819 velum
836 1787 956 1832 parte
973 1784 1078 1820 intus
1095 1779 1147 1819 Vl
1179 1783 1294 1820 vel-uli
1317 1783 1541 1831 presentius
1560 1780 1629 1832 V²,
1660 1783 1764 1820 velut

292 1860 542 1909 praesentius
571 1869 615 1909 a,
646 1856 759 1897 haud
801 1857 926 1898 dubie
965 1857 1265 1913 recipiendum.
1308 1861 1501 1898 Praesens
1531 1857 1642 1898 enim
1672 1857 1761 1898 sive

295 1934 529 1976 remedium
560 1934 647 1975 sive
686 1947 895 1976 venenum
926 1935 1175 1990 saepissime
1205 1935 1368 1977 Plinius
1409 1949 1494 1977 non
1524 1934 1568 1976 id
1599 1938 1761 1976 tantum

294 2012 491 2068 appellat,
523 2011 635 2068 quod
668 2013 823 2065 statim,
856 2012 931 2054 sed
962 2012 1073 2068 quod
1105 2013 1274 2054 omnino
1305 2013 1389 2055 vim
1420 2027 1540 2054 suam
1558 2017 1761 2068 praestat.

297 2089 487 2133 Cf.XVI.
511 2091 577 2143 51,
599 2089 718 2131 XXI.
740 2091 825 2144 1¹8,
840 2091 932 2143 149,
964 2090 1127 2133 XXIII.
1151 2090 1240 2143 149,
1271 2090 1430 2132 XXIV.
1445 2091 1484 2143 2,
1515 2089 1675 2132 XXVI.
1694 2090 1762 2143 38,

294 2167 496 2211 XXVIII.
528 2168 592 2221 53,
622 2167 786 2210 XXIX.
819 2170 885 2222 50,
915 2168 1098 2212 XXXII.
1130 2168 1196 2212 46.

893 2262 950 2308 14
987 2275 1039 2294 ==
1077 2261 1170 2316 4,5.

362 2346 489 2396 Aloe
528 2346 698 2398 scillae
736 2347 1099 2397 similitudinem
1134 2346 1313 2405 habet,
1365 2347 1519 2397 maior
1564 2352 1612 2396 et
1657 2346 1762 2411 pin-

360 2436 613 2499 guioribus
650 2435 802 2493 foliis,
858 2451 918 2484 cx
956 2435 1154 2499 obliquo
1207 2435 1393 2497 striata3
1449 2434 1601 2484 caulis
1655 2434 1759 2484 eius

364 2528 499 2571 tener
536 2529 610 2572 cst
647 2563 654 2572 .
695 2563 704 2572 .
743 2524 908 2573 radice
947 2539 1040 2572 una
1077 2562 1087 2572 .
1125 2561 1135 2572 .
1159 2562 1169 2582 ,
1209 2522 1348 2588 gravi
1387 2523 1562 2581 odore,
1611 2526 1760 2586 gustu

362 2626 537 2660 amara.

405 2699 500 2741 Non
530 2699 651 2740 radix
681 2703 844 2740 tantum
876 2699 1005 2741 odore
1029 2700 1168 2755 gravis
1199 2703 1276 2752 est,
1308 2712 1404 2743 nam
1426 2698 1677 2753 βαρύοσμος
1695 2699 1761 2750 δὲ,

186 2294 265 2338 566

296 2776 568 2818 Dioscorides
600 2777 658 2817 ait
687 2778 761 2817 111.
794 2778 873 2829 22,
921 2776 995 2832 ὅλη
1038 2781 1112 2819 καὶ
1149 2776 1464 2833 ἀπογενομένῳ
1506 2777 1758 2833 πικροτάτη·
