1914 3237
692 126 823 168 Liber
849 125 938 168 IV.
1496 119 1550 160 47

81 267 303 311 pressum,
337 253 450 295 sicut
478 250 588 303 §52
615 250 765 290 Paxoe
793 247 908 288 duae
933 248 1168 301 reperitur.
1203 245 1315 286 Nam
1338 243 1456 300 quod
1472 242 1553 285 Sil-

82 333 211 389 ligius
248 347 272 374 e
303 331 490 374 lectione
527 328 657 369 codd.
685 327 727 368 R
764 333 806 368 et
836 326 950 367 Rob.
991 324 1227 366 vocabatur
1261 323 1447 365 coniecit
1479 322 1556 384 qui

85 419 215 454 antea
241 411 352 467 Epie
378 407 629 458 vocabatur,
659 419 709 447 re
734 405 834 459 ipsa
866 404 1093 447 refellitur.
1155 403 1401 457 Numquam
1440 402 1554 443 enim

82 492 251 534 Elidem
275 486 436 540 Ἐπειήυ
467 495 644 528 veteres
663 484 954 540 appellarunt,
988 497 1118 539 quum
1142 481 1318 531 incolas
1350 481 1555 536 antiquos

82 570 233 624 Epeos
256 567 521 622 saepissime
555 571 969 607 commemorarent.
1008 562 1181 605 Deinde
1209 574 1235 602 a
1264 560 1437 602 nemine
1467 561 1556 601 ani-

82 648 363 690 madversum
395 652 488 696 est,
532 658 678 699 neque
715 643 892 686 Aulona
930 657 1016 685 nec
1052 641 1250 696 Leprion
1288 639 1346 680 ad
1382 651 1556 680 amnem

82 726 302 781 Alpheum
330 725 416 767 sita
445 723 601 774 fuisse,
632 736 778 778 neque
810 723 985 765 omnino
1014 721 1109 763 fieri
1139 720 1341 774 potuisse
1367 725 1414 759 ut
1440 718 1557 759 idem

83 805 244 848 fluvius
274 805 334 846 vl
358 804 445 845 mil.
469 818 512 858 p.
541 816 683 858 prope
712 803 797 843 duo
828 802 994 857 oppida
1024 813 1137 856 quae
1165 812 1222 839 ne
1251 799 1351 852 ipsa
1383 798 1557 853 quidem

83 885 196 927 inter
224 898 275 926 se
302 884 451 926 vicina
481 891 655 933 essent,
684 882 983 936 navigaretur.
1044 879 1160 927 Quid
1190 877 1348 919 multa?
1410 876 1559 932 Olym·

85 963 184 1017 piae
216 962 434 1018 Pisaeque
469 963 545 1004 ubi
587 962 852 1003 mentionem
887 959 992 1001 fecit
1029 958 1215 1008 PliniuS,
1257 956 1474 1012 Alpheum
1514 957 1558 998 in

83 1041 337 1083 universum
369 1041 428 1081 vl
460 1041 632 1082 milibus
666 1054 877 1095 passuum
909 1039 1056 1094 spatio
1084 1037 1286 1091 navigari
1317 1037 1559 1086 annotavit,

85 1119 140 1163 cf.
159 1119 336 1163 Curtius
353 1119 505 1174 Pelop.
523 1118 607 1162 vol.
626 1119 674 1160 11.
693 1119 820 1174 p.53;
851 1118 1010 1160 deinde
1042 1117 1100 1157 ad
1130 1116 1297 1170 oppida
1328 1124 1452 1157 trans
1481 1115 1562 1157 Al-

85 1199 248 1254 pheum
283 1200 370 1241 sita
408 1214 458 1242 se
498 1198 733 1241 convertit.
815 1199 942 1246 Quae
974 1196 1165 1251 Leprion
1204 1201 1248 1235 et
1281 1194 1430 1236 Aulon
1464 1209 1561 1236 cum

88 1279 288 1321 omnibus
324 1280 550 1321 codicibus
589 1278 700 1322 Mss.
736 1277 1006 1333 appellanda
1045 1282 1184 1317 erunt.
1257 1274 1405 1317 Aulon
1448 1275 1562 1316 enim

89 1359 297 1414 oppidum
322 1360 417 1402 sive
447 1360 588 1414 regio,
621 1371 736 1414 quae
768 1356 868 1398 alibi
892 1355 1148 1397 Messeniae
1176 1354 1458 1396 Arcadiaeve
1489 1354 1562 1395 tri·

89 1439 248 1489 buitur,
272 1438 532 1481 aStrabone
546 1439 658 1481 vlu.
674 1433 1244 1492 p.350‚Pa„usan.1V.36.5,
1271 1440 1314 1473 et
1332 1432 1561 1487 Stephano

86 1517 301 1573 Byzantio
333 1532 421 1561 ΞΝ.
452 1526 658 1568 vocatur,
689 1515 1006 1569 Dalecampius
1040 1521 1209 1563 autem,
1240 1513 1312 1567 qui
1342 1513 1563 1554 accusati-

89 1610 190 1638 vum
223 1597 521 1648 desideraret,
559 1596 716 1650 Aulos,
759 1595 1011 1635 Harduinus
1048 1593 1226 1633 Aulona
1259 1592 1563 1642 coniecerunt,

90 1675 261 1717 scilicet
289 1690 316 1717 a
342 1691 382 1718 v.
411 1690 541 1732 prope
568 1675 767 1730 pendere
798 1673 895 1714 rati.
959 1672 1093 1727 Atqui
1120 1672 1264 1726 ipsum
1294 1670 1398 1712 illud
1427 1685 1565 1713 voca-

92 1754 238 1797 bulum
265 1770 395 1812 prope
423 1769 523 1796 cum
545 1753 668 1795 libris
684 1753 795 1794 Mss.
821 1751 1020 1793 deleatur
1045 1758 1237 1805 oportet.
1276 1752 1421 1795 Abest
1451 1753 1565 1794 enim

93 1848 119 1876 a
150 1835 248 1877 cod.
275 1834 332 1885 A,
363 1835 408 1875 in
439 1833 591 1876 o'rdr
630 1832 851 1886 reperitur
881 1843 991 1871 sane
1022 1843 1175 1871 verum
1207 1831 1384 1873 omissis
1415 1831 1565 1874 verbis

92 1912 195 1956 mill.
210 1928 249 1970 p.
294 1913 342 1953 In
365 1913 458 1955 cod.
482 1912 522 1953 R
548 1926 572 1954 e
600 1927 644 1968 p.
661 1910 815 1967 oppida
845 1923 987 1965 prava
1011 1910 1275 1964 repetitione
1306 1918 1447 1953 ortum
1478 1919 1562 1954 est.

90 1993 248 2048 Neque
280 1992 440 2047 copula
470 1998 512 2034 et
531 1992 658 2033 codd.
676 1990 786 2032 Mss.
818 1989 1083 2032 auctoritate
1111 1989 1319 2034 firmatur.
1357 1991 1567 2037 Scriben-

94 2072 177 2114 dus
203 2079 272 2113 est
300 2072 431 2127 igitur
458 2072 589 2115 locus
617 2071 970 2125 interpunctione
998 2078 1183 2112 mutata:

147 2150 266 2193 Inde
294 2151 494 2192 Eliorum
523 2166 628 2209 aqer
650 2151 727 2212 qui
754 2156 885 2190 antea
909 2150 1070 2205 Epioe
1097 2149 1431 2191 vocabantur...
1462 2149 1568 2190 Am·

150 2231 220 2271 nis
252 2230 447 2287 Alpheus
487 2231 723 2288 navigatur
761 2228 809 2270 V
804 2228 831 2269 1
847 2228 933 2271 mil.
952 2243 993 2284 p.
1044 2227 1215 2286 Oppida
1242 2228 1446 2282 Aulon,
1473 2228 1568 2270 Le-

149 2324 177 2365 p
188 2310 266 2351 rio
276 2325 306 2350 n
319 2339 332 2362 ,
366 2310 706 2366 promontorium
735 2308 1012 2361 Platanodes,

694 2399 758 2447 16
782 2425 827 2443 =
848 2400 895 2460 5,
917 2399 964 2448 8.

166 2498 363 2565 Oppida
400 2499 703 2561 Taenarum,
735 2501 990 2566 Amyclae,
1018 2502 1231 2561 Pherae,
1266 2503 1482 2552 Leuctra
1519 2509 1568 2552 et

163 2589 293 2639 intus
316 2591 510 2655 Sparta,
543 2590 882 2639 Theramne
920 2598 1065 2657 atque
1095 2593 1178 2641 ubi
1208 2595 1348 2642 suere
1386 2595 1567 2644 Carda-

161 2681 308 2746 myle,
338 2681 529 2743 Pitane,
566 2682 774 2743 Anthea,
803 2683 940 2731 locus
979 2684 1230 2749 Thyreae,
1265 2686 1498 2736 Gerania.

192 2781 330 2825 Leve
357 2783 559 2826 mendum
592 2797 616 2825 e
644 2783 770 2826 codd.
801 2783 873 2826 Rd
902 2785 1063 2841 corrigi
1093 2787 1266 2841 poterit.
1322 2787 1407 2836 Qui
1438 2803 1568 2844 quum

1589 2418 1645 2461 64
