1914 3237
191 1675 272 1719 277

308 163 361 208 16
908 169 1028 208 liber
1045 169 1088 208 Χ
1098 170 1162 208 VI.

307 307 403 334 nem
448 298 489 334 ηπ·
524 301 683 336 seralm·
713 300 794 336 alia
833 296 1018 351 exhibet,
1049 312 1132 354 qua
1163 299 1215 340 ad
1243 299 1452 341 infelicem
1483 302 1767 344 coniecturam

308 372 362 424 ,ni
394 371 630 413 insinuatur
668 373 762 414 alia‘
803 375 889 418 Sill.
921 389 966 416 se
997 376 1131 432 abripi
1174 391 1324 432 passus
1356 383 1432 419 est.
1490 378 1572 420 Hic
1603 393 1768 435 quoque

305 448 456 489 librum
489 462 514 490 a
552 449 749 493 adhibitis
781 451 1059 495 Gronovianis
1092 468 1331 510 sequemur,
1362 469 1384 497 e
1415 457 1533 498 euius
1564 457 1770 512 scriptura

305 531 383 568 nisi
409 532 612 569 naturalia
641 534 791 585 sponte
823 532 976 573 emicat

358 609 444 647 nisu
477 607 526 657 (i.
559 619 594 649 e.
624 611 771 662 partu)
805 613 994 650 naturali.

413 683 620 725 Mendosa
643 686 770 726 etiam
795 691 987 727 extrema
1007 687 1195 727 eiusdem
1226 688 1480 744 paragraphi
1497 689 1627 731 verba
1649 695 1768 731 sunt:

370 761 482 811 alibi
542 777 640 812 non
689 763 781 813 nisi
826 763 873 812 in
907 768 1079 829 tepore
1116 766 1414 829 proveniens
1451 771 1498 815 et
1533 769 1767 818 nutricem

367 865 548 914 magno
587 866 736 916 opere
771 851 1042 902 fastidiens,

411 948 494 990 Pro
525 951 686 992 nutrice
706 951 816 992 enim
844 951 1032 1006 cupressi
1063 964 1170 1006 quae
1201 951 1336 1007 qualis
1367 953 1433 1005 sit,
1464 965 1518 993 ne
1542 953 1768 996 divinando

303 1026 472 1082 quidem
505 1041 726 1084 assequor,
765 1043 850 1070 vox
879 1030 1089 1071 sententia
1131 1030 1345 1084 flagitatur
1374 1031 1510 1086 tepori
1547 1033 1770 1086 contraria,

303 1105 369 1145 cui
387 1119 515 1160 quum
533 1107 575 1147 in
605 1111 772 1149 vetusto
804 1107 1035 1162 exemplari
1066 1107 1149 1149 duo
1179 1122 1326 1150 versus
1356 1108 1437 1150 hoc
1465 1109 1590 1150 modo
1622 1124 1666 1150 se
1697 1124 1769 1151 ex-

302 1184 490 1238 ciperent

357 1263 563 1303 nutricem
593 1277 748 1319 magno
781 1277 907 1318 opere
937 1263 1157 1306 fastidiens

357 1354 435 1381 nee
453 1346 588 1382 terrae
620 1346 784 1382 tantum
814 1346 966 1382 natura
995 1343 1106 1383 cirea

301 1419 462 1473 primae
519 1419 728 1460 inferioris
786 1420 980 1460 vocabuli
1040 1421 1206 1462 litterae
1267 1423 1390 1474 ‚nect‘
1441 1423 1551 1463 male
1599 1427 1769 1465 assutae

301 1511 476 1559 pravam
521 1497 825 1538 correctionem
870 1503 1158 1553 procrearunt.
1230 1499 1391 1548 Quibus
1432 1500 1613 1556 demptis
1644 1501 1769 1542 relin—

302 1576 441 1631 quitur
471 1576 626 1629 ,ricem‘
655 1578 682 1618 i.
715 1589 749 1619 e.
779 1582 915 1617 nivem.

639 1681 730 1728 143
753 1703 811 1722 =
830 1682 969 1738 33,61
1010 1683 1057 1728 et
1097 1681 1189 1729 144
1207 1702 1266 1722 Ξ
1285 1681 1441 1738 34,62.

366 1781 542 1844 Aquae
579 1778 868 1846 plerumque
913 1780 1098 1829 semina
1127 1780 1330 1829 afferunt
1367 1784 1414 1829 et
1450 1783 1581 1828 certe
1616 1779 1769 1828 fluunt

365 1883 548 1932 genere
602 1867 864 1932 aliquando
914 1869 1057 1917 etiarn
1094 1868 1370 1932 incognito,
1423 1867 1555 1931 quod
1591 1867 1769 1916 accidit

367 1955 664 2020 Cyrenaicae
702 1956 907 2020 regioni,
959 1971 1065 2005 cuin
1111 1956 1313 2020 primum
1358 1956 1422 2004 ibi
1460 1954 1767 2020 laserpicium

372 2049 534 2093 natum
573 2048 668 2102 est,
706 2049 757 2092 ut
792 2043 839 2091 in
875 2043 1133 2092 herbarum
1171 2048 1340 2091 natura
1377 2043 1610 2092 dicemus,
1649 2042 1769 2091 Nata

366 2137 440 2181 est
466 2137 513 2181 et
539 2130 662 2181 silva
684 2132 789 2181 urbi
812 2132 853 2181 ei
876 2131 1096 2196 proxima
1132 2131 1283 2180 imbre
1323 2130 1460 2195 piceo
1501 2145 1768 2194 crassoque

367 2220 558 2269 circiter
594 2220 726 2269 urbis
760 2219 947 2270 Romae
983 2235 1159 2268 annum
1198 2217 1502 2269 CCCCXXX.
1573 2217 1770 2267 Hedera

366 2309 458 2357 iam
507 2308 682 2357 dieitur
732 2309 779 2357 in
815 2308 937 2357 Asia
973 2309 1131 2369 nasei3
1184 2313 1452 2372 negaverat
1486 2305 1769 2372 Theophra-

368 2401 471 2445 stus
507 2394 593 2446 rel.

410 2483 526 2525 Leve
571 2488 635 2525 est
674 2483 875 2524 mendum
913 2484 955 2524 in
1000 2483 1119 2524 initio
1149 2482 1273 2523 huius
1304 2482 1384 2523 loci
1416 2489 1453 2523 et
1481 2490 1607 2532 cerie,
1659 2494 1768 2537 quae

302 2561 509 2602 voeabula
546 2561 671 2616 plane
704 2562 842 2603 otiosa
882 2566 923 2602 et
953 2562 1133 2602 molesta
1163 2561 1273 2602 facili
1323 2560 1650 2615 transpositione
1682 2573 1767 2600 cor-

302 2639 492 2693 riguntur
523 2648 654 2680 terrae
683 2647 745 2689 et,
785 2639 953 2694 gravius
983 2639 1025 2679 in
1056 2639 1259 2694 proximis
1293 2638 1432 2679 verbis
1464 2650 1599 2691 eoque
1628 2637 1766 2677 minus

303 2717 427 2756 etiam
458 2716 699 2769 serendum,
745 2717 857 2771 quod
887 2717 1045 2757 Plinius
1076 2718 1165 2771 ipse
1197 2731 1246 2757 eo
1277 2716 1367 2756 loeo
1399 2728 1521 2769 quem
1552 2727 1663 2755 nunc
1694 2713 1765 2754 de—

301 2797 508 2834 monstrat
527 2793 644 2837 XIX.
665 2796 731 2836 41.
761 2794 936 2835 imbrem
967 2794 1082 2835 illum
1115 2799 1277 2849 septem
1302 2793 1421 2833 annis
1441 2797 1538 2832 ante
1563 2791 1763 2847 oppidum
