1914 3237
237 160 315 203 188
832 170 946 207 Liber
974 170 1112 210 XXX.

125 323 203 365 575
781 300 872 346 120
908 312 958 333 =
999 301 1152 357 13,41.

299 378 560 429 Cicatrices
609 382 669 430 ad
719 383 932 434 colorem
980 386 1169 435 reducit
1222 387 1461 451 pecudum
1518 387 1696 452 pulmo,

303 470 566 534 praecipue
605 487 664 519 ex
702 473 876 531 ariete,
915 474 1086 523 sebum
1127 490 1186 523 ex
1224 476 1362 524 nitro.

344 556 503 598 Vocem
543 572 651 613 quae
690 566 788 614 post
819 576 855 601 v.
895 565 1027 601 sebum
1059 561 1215 602 excidit
1255 576 1277 603 e
1315 562 1441 603 Plinii
1484 562 1696 603 Valeriani

234 634 325 674 loco
357 634 431 675 111.
464 636 516 678 4ss
547 636 643 677 addi
674 637 790 678 licet:
825 652 879 678 sc.
910 642 1164 680 leoninum.

126 716 207 760 676
797 719 886 765 124
907 733 958 751 =
987 720 1137 774 ΗΑΒ.

301 801 505 851 Facilius
559 803 803 853 enituntur
854 820 979 868 quae
1042 805 1204 853 timum
1255 805 1532 854 anserinum
1589 820 1698 854 cum

296 904 451 953 aquae
490 890 682 940 duobus
720 892 910 955 cyathis
947 893 1196 943 sorbuere.

342 978 685 1020 Molestissimum
729 980 960 1021 remedium
990 981 1101 1022 unde
1133 981 1315 1022 editores
1361 981 1602 1036 acceperint
1630 995 1699 1022 ne-

235 1055 342 1107 scio,
385 1069 481 1096 nam
513 1056 624 1111 quod
654 1057 696 1098 in
730 1058 813 1099 VR
850 1058 1004 1113 legitur
1045 1073 1132 1100 cum
1163 1064 1388 1100 anserinum
1427 1058 1539 1100 haud
1573 1058 1698 1099 dubie

235 1133 336 1174 nihil
369 1138 434 1175 est
470 1134 551 1175 nisi
580 1136 838 1191 praepositio
878 1137 988 1177 male
1026 1150 1048 1177 e
1078 1137 1279 1192 proximis
1328 1137 1465 1178 verbis
1505 1138 1698 1191 repetita.

234 1212 381 1266 Itaque
397 1225 505 1266 quae
522 1212 563 1252 in
595 1212 665 1253 Td
692 1214 899 1268 reperitur
914 1215 1038 1256 lectio
1070 1219 1264 1267 adipem
1285 1219 1507 1256 anserinum
1531 1215 1699 1255 omnino

234 1289 496 1330 restituenda
527 1295 603 1333 est.

124 1367 205 1412 677
773 1374 863 1420 127
899 1394 942 1412 --
964 1373 1161 1422 ibidem.

301 1454 424 1504 Sunt
461 1462 508 1505 et
544 1456 755 1507 minutae
792 1457 1070 1523 longaeque
1108 1459 1345 1508 candidae
1368 1458 1568 1508 cocleae
1589 1473 1697 1523 pas-

300 1544 389 1592 sim
427 1544 726 1594 oberrantes,

345 1630 508 1695 Copula
539 1633 779 1688 importuna
807 1635 952 1675 vitium
986 1635 1186 1676 orationis
1211 1634 1434 1687 indicatur,
1464 1634 1590 1689 idque
1614 1647 1697 1674 non

232 1709 411 1750 librariis
443 1710 517 1751 sed
547 1710 796 1766 editoribus,
842 1726 864 1753 e
896 1713 1047 1767 quibus
1078 1715 1108 1754 I.
1140 1713 1305 1768 scripsit
1334 1717 1528 1752 minumae
1558 1715 1699 1752 lubric-

233 1801 376 1838 aeque,
407 1788 556 1843 culpae
577 1788 776 1830 dandum.
809 1789 968 1832 Omnes
992 1791 1102 1832 enim
1127 1790 1294 1832 codices
1324 1794 1550 1841 loricaeque
1582 1794 1699 1839 (lori-

234 1879 306 1905 cae
334 1880 435 1916 quae
464 1866 525 1917 V)
560 1866 739 1920 habent,
783 1868 1000 1909 Plinianae
1031 1869 1266 1924 elegantiae
1302 1882 1502 1924 perquam
1534 1881 1698 1908 accom-

234 1943 448 1984 modatum
492 1958 574 1999 qua
624 1950 756 1986 testas
803 1948 1038 1987 coclearum
1082 1947 1253 1988 loricam
1295 1960 1379 1987 non
1424 1947 1565 2000 inepte
1626 1958 1698 2000 ap-

235 2022 416 2076 pellavit.
481 2022 662 2064 Librarii
703 2023 829 2064 alium
877 2038 1060 2065 errorem
1100 2025 1359 2065 admiserunt
1406 2024 1603 2078 religiose
1647 2022 1699 2064 ab

234 2099 465 2140 editoribus
513 2111 736 2145 servatum.
797 2101 935 2150 Quum
986 2103 1096 2143 enim
1140 2108 1226 2144 toto
1272 2102 1409 2156 capite
1438 2101 1600 2142 Plinius
1645 2100 1697 2141 de

233 2178 354 2218 malis
386 2178 670 2232 muliebribus,
704 2179 756 2220 de
786 2185 909 2235 partu
930 2185 971 2222 et
994 2186 1201 2235 conceptu
1219 2180 1427 2236 loquatur,
1459 2179 1566 2219 inter
1588 2192 1696 2234 quae

236 2256 421 2297 remedia
452 2257 686 2298 coclearum
718 2272 801 2299 non
841 2259 1054 2300 minimam
1093 2263 1255 2314 partem
1297 2271 1391 2298 esse
1425 2257 1700 2308 demonstrat,

235 2335 304 2389 qui
338 2334 507 2376 tandem
552 2335 709 2376 factum
741 2341 804 2377 est
836 2342 881 2377 ut
929 2337 980 2377 de
1010 2350 1089 2377 usu
1136 2337 1372 2378 coclearum
1420 2335 1460 2375 in
1507 2335 1694 2389 corporis

236 2411 418 2452 candore
450 2413 728 2467 emendando,
760 2414 961 2455 scabendi
992 2415 1154 2470 pruritu
1184 2414 1363 2455 levando
1400 2413 1610 2454 disserat?
1644 2414 1698 2454 At

236 2503 364 2543 supra
394 2490 431 2543 ξ.
465 2491 535 2533 121
573 2506 666 2532 cum
698 2493 798 2533 nihil
831 2492 943 2534 aliud
975 2493 1075 2547 agit,
1107 2493 1215 2533 hano
1247 2505 1411 2547 quoque
1446 2490 1696 2532 sententiam

237 2567 451 2609 addidisse
482 2569 693 2623 putandus
725 2575 800 2611 cst.
856 2570 950 2619 Qua
981 2585 1062 2626 quo
1094 2571 1216 2612 decet
1249 2570 1449 2610 translate
1481 2568 1697 2624 aptissime

237 2646 295 2686 sie
327 2647 515 2701 procedit
546 2649 700 2689 oratio:
758 2652 901 2690 sedam
932 2655 1127 2701 prurilum
1168 2654 1325 2690 cocleae
1374 2653 1544 2689 nouenae
1593 2652 1697 2687 [alae

236 2730 430 2766 cono-itae
460 2731 591 2767 illitae.
653 2732 751 2767 Sum
781 2737 816 2768 el
847 2732 1020 2769 nn‘nulae
1059 2732 1283 2777 loric‘aeque
1312 2729 1510 2767 candidae
1540 2730 1698 2766 cocleae

233 2809 379 2855 passim
411 2808 641 2846 oberrantes
653 2820 666 2853 ,·
705 2809 781 2845 leae
812 2808 1020 2854 arelioelae
1054 2810 1135 2846 sole
1171 2810 1210 2846 e'n
1240 2808 1378 2856 lessellis
1415 2812 1628 2854 lmzsaeqne
1657 2808 1694 2844 e'n

235 2886 368 2932 farina
393 2887 605 2925 miscentur
642 2887 807 2925 lomento
846 2889 982 2936 aequis
1007 2887 1188 2935 partibus
1225 2885 1517 2934 candoremque
1554 2890 1589 2922 ee
1617 2885 1697 2922 lae-
