1914 3237
276 117 330 161 62
888 116 1021 160 Liber
1049 118 1135 162 IV.

277 243 495 308 quondam
524 239 779 283 efficeretur
806 253 903 283 eam
930 254 1107 296 quoque
1136 249 1309 297 partem
1328 250 1488 298 postea
1508 258 1607 287 cum
1636 260 1744 288 con-

277 326 442 366 tinente
472 329 594 363 terra
629 320 905 362 coniunctam
939 318 1091 362 fuisse.
1159 321 1393 364 Contendit
1422 324 1596 378 quidem
1630 325 1744 377 Sill.,

274 401 435 443 nullam
471 397 744 455 peninsulam
788 399 830 439 in
875 399 1181 453 superioribus
1231 402 1588 452 commemorari,
1629 416 1744 457 quae

275 480 377 523 olim
404 479 511 521 mari
542 485 664 520 esset
692 476 982 518 circumfusa:
1012 478 1094 519 sed
1110 477 1272 519 fallitur
1294 493 1422 534 quum
1441 480 1495 521 de
1512 479 1744 535 peninsula

275 559 460 615 cogitat3
502 556 688 598 insulam
725 569 942 611 quaerere
978 556 1191 611 debebat,
1232 558 1299 598 cui
1328 558 1518 600 Taurica
1557 567 1743 603 eatenus

273 636 424 678 similis
454 637 674 676 diceretur
707 634 824 689 quod
855 633 954 674 olim
986 646 1107 676 certe
1137 635 1280 677 insula
1311 635 1483 678 fuisset.
1523 637 1615 679 Eae
1633 653 1742 680 vero

272 716 552 758 inveniuntur
583 713 708 769 §.82
740 721 782 754 et
812 711 880 756 83.
955 713 1146 756 Insulam
1183 715 1239 755 ibi
1280 723 1538 757 narraverat
1577 716 1743 758 Plinius

272 795 595 850 Tyragetarum
625 792 868 847 spatiosam
887 793 930 833 in
955 792 1076 847 Tyra
1103 806 1230 833 amne
1260 794 1477 847 conspici,
1508 803 1743 848 praeterea

272 874 455 916 alteram
491 872 546 912 ab
577 869 749 911 Achille
780 871 1094 924 cognominari,
1125 884 1222 912 cum
1255 871 1412 925 quibus
1439 885 1556 913 nunc
1588 872 1742 914 Tauri-

271 967 367 995 cam
399 949 690 1004 comparavit,
716 962 830 1002 quae
863 956 906 990 et
935 949 1033 1002 ipsa
1063 948 1165 990 olim
1195 947 1339 991 insula
1364 948 1525 991 fuisset
1555 964 1609 992 ea
1638 965 1744 1006 quo-

271 1046 357 1089 que
386 1036 513 1085 parte
544 1028 654 1068 mari
683 1027 970 1078 circumdata,
999 1027 1070 1068 ubi
1101 1040 1219 1068 nunc
1246 1027 1391 1081 campi
1415 1027 1626 1071 iacerent.
1658 1030 1741 1071 Ita-

270 1125 355 1168 que
387 1108 534 1152 deleta
563 1105 862 1160 dittographia
891 1105 1124 1161 legendum
1155 1114 1248 1148 est:

603 1192 644 1226 et
672 1186 764 1241 ipsa
795 1199 896 1247 qua
928 1198 1046 1225 nunc
1075 1184 1215 1240 carnpi
1243 1184 1396 1228 iacent,

378 1268 427 1309 ln
458 1265 746 1321 sequentibus
776 1264 925 1306 verbis
956 1263 1100 1303 omisit
1131 1262 1220 1304 Sill.
1253 1261 1497 1318 elegantem
1527 1263 1741 1306 Harduini

268 1348 564 1390 coniecturam
599 1343 825 1401 Arqodeni
857 1341 930 1384 vel
966 1341 1110 1396 potius
1149 1339 1364 1398 Arqodini
1399 1356 1479 1396 pro
1516 1343 1740 1398 scriptura

268 1426 396 1468 codd.
427 1431 470 1466 et
499 1422 680 1477 vulgata
713 1420 933 1479 Oryocyni
957 1418 1029 1461 vel
1062 1417 1270 1474 Orysciri,
1300 1427 1346 1461 ut
1376 1428 1444 1463 est
1474 1420 1516 1461 in
1544 1421 1599 1462 R.
1646 1421 1740 1463 Sci-

266 1506 370 1547 licet
404 1503 587 1558 Argoda
626 1501 835 1555 oppidum
870 1513 898 1540 a
935 1498 1186 1539 Ptolemaeo
1226 1499 1472 1541 nominatur
1510 1499 1578 1541 111.
1619 1499 1660 1540 6.
1698 1499 1738 1540 6.

265 1575 429 1627 Ibidem
449 1582 488 1624 4.
517 1586 885 1622 commemoratur
905 1576 1139 1631 Tyrictace
1162 1576 1231 1617 vel
1248 1577 1456 1620 Toritace
1487 1591 1615 1634 quam
1639 1592 1740 1620 cum

265 1661 506 1715 Tractaris,
535 1659 664 1701 sicuti
682 1657 813 1713 vulgo
833 1657 950 1712 apud
971 1656 1151 1697 Plinium
1176 1654 1349 1710 legitur,
1372 1656 1603 1711 ingeniose
1621 1670 1739 1698 com-

265 1742 415 1798 posuit
445 1739 659 1793 Forbiger
691 1737 856 1790 Geogr.
875 1743 962 1776 ant.
980 1735 1046 1776 111.
1063 1749 1102 1788 p.
1121 1733 1239 1776 1127.
1279 1734 1410 1782 Quod
1438 1750 1549 1778 vero
1580 1736 1738 1778 deinde

266 1835 291 1863 e
322 1820 421 1862 cod.
449 1819 491 1859 R
527 1823 756 1871 receptum
788 1822 855 1856 est
889 1828 917 1856 a
944 1813 1037 1856 Sill.
1066 1811 1286 1853 custoditis
1314 1828 1340 1852 a
1371 1812 1585 1855 Graeciae
1611 1815 1738 1855 mori.

265 1900 343 1941 bus
371 1913 426 1940 ne
442 1897 598 1939 Latine
623 1895 796 1950 quidem
829 1892 1002 1942 dicitur,
1031 1903 1163 1945 quum
1194 1905 1220 1930 a
1252 1898 1296 1933 et
1323 1905 1350 1933 a
1380 1892 1571 1949 vulgatis
1589 1907 1737 1935 exem-

264 1979 349 2035 plis
377 1987 421 2021 et
453 1991 481 2020 a
511 1976 609 2020 cod.
640 1975 666 2016 d
697 1973 944 2016 rectissime
975 1970 1209 2012 omittatur.

829 2075 895 2123 96
912 2098 961 2119 =
980 2073 1060 2133 13,
1081 2071 1160 2119 27.

330 2180 512 2245 Incipit
543 2178 656 2226 inde
689 2176 865 2226 clarior
902 2173 1082 2240 aperiri
1121 2172 1246 2221 fama
1291 2174 1348 2221 ab
1383 2181 1528 2237 gente
1564 2175 1735 2240 Ingae-

329 2287 506 2321 vonum
551 2285 675 2333 quae
717 2274 793 2316 est
831 2266 971 2316 inde
1010 2263 1168 2329 prima
1205 2264 1519 2313 Germaniae.
1588 2265 1734 2314 Mons

331 2363 461 2412 Sevo
497 2359 565 2408 ibi
600 2363 680 2406 rel.

374 2452 438 2492 lta
470 2449 563 2492 Sill.
597 2463 621 2490 e
654 2447 752 2490 cod.
786 2446 841 2487 A.
885 2446 1061 2501 Reliqui
1097 2445 1280 2488 habent:
1323 2445 1465 2501 prima
1494 2444 1596 2485 inde
1626 2442 1719 2485 Ger

262 2531 424 2572 mania.
470 2530 568 2570 Non
608 2528 708 2569 dico
745 2526 985 2568 absurdam
1023 2539 1126 2567 esse
1167 2539 1263 2567 eam
1300 2524 1561 2578 scripturam
1603 2536 1733 2577 quam

263 2610 357 2654 Sill.
386 2608 578 2662 recepit,
619 2614 810 2648 attamen
839 2604 1070 2646 molestum
1101 2604 1205 2646 illud
1243 2603 1426 2645 alterum
1466 2600 1568 2641 inde
1596 2614 1732 2656 aegre

261 2690 376 2733 fero.
437 2689 581 2734 Quum
609 2686 722 2727 enim
750 2685 899 2739 priore
930 2683 1148 2726 vocabulo
1179 2683 1264 2724 iam
1292 2681 1518 2736 regionem
1544 2679 1732 2721 indicas-

261 2777 331 2814 set
346 2767 523 2819 Plinius,
544 2764 661 2808 unde
683 2763 947 2806 Germaniae
964 2763 1094 2805 situm
1118 2760 1419 2816 explicaturus
1444 2768 1580 2811 esset,
1615 2772 1729 2815 quae

1899 2958 1901 2974 “
1899 1841 1914 2872 mmm—4
1912 1736 1914 1834 ᾼΑᾼᾼ
