1914 3237
676 153 809 195 Liber
836 153 939 196 III.
1491 152 1549 196 35

181 281 432 336 Opponitur
468 277 650 320 ulterior
683 275 900 331 Hispania
943 275 1138 318 citeriori
1175 277 1337 320 additis
1379 291 1548 334 cogno-

71 360 279 410 minibus,
317 371 459 413 neque
488 355 704 410 Hispania
743 355 961 404 citeriori,
1001 367 1025 394 e
1061 354 1240 410 vulgata
1275 370 1381 398 vero
1419 359 1547 401 inter-

70 439 295 494 pungendi
316 437 487 478 ratione
505 434 723 489 Hispania
743 433 786 475 in
806 434 1060 475 universum
1089 433 1204 486 parti
1236 436 1408 478 cuidam
1436 437 1547 481 eius-

71 518 170 559 dem
199 515 411 570 regionis.
471 513 875 567 Interpungendum
906 518 975 553 est
1004 511 1159 565 igitur:

123 610 344 666 Hispania
375 615 593 649 terrarum
620 614 682 649 est
712 607 907 659 ulterior,
935 606 1152 663 appellata
1173 605 1323 647 eadem
1342 608 1548 666 Baetica3

122 703 225 728 mox
254 703 281 728 a
308 685 395 743 fine
436 686 643 728 Urcitano
674 686 758 729 rel,

78 778 286 820 Urcitano
313 778 594 819 scribendum
631 789 734 818 esse
777 775 952 816 nomine
990 776 1142 830 oppidi
1183 774 1288 818 Urci
1316 777 1351 830 §.
1373 776 1440 820 19.
1475 777 1550 820 de-

69 864 359 907 monstratur,
404 857 521 912 quod
561 869 587 897 a
623 853 878 897 Ptolemaeo
916 853 964 896 lI.
991 853 1032 895 6.
1066 854 1127 896 14.
1163 862 1351 896 vocatur
1389 852 1548 912 Οὕρκη.

71 936 277 978 Ceterum
316 950 340 977 e
377 935 530 976 codice
560 934 624 986 Α,
670 946 799 989 quem
827 945 936 986 prae
968 931 1149 988 reliquis
1180 934 1306 989 sequi
1344 948 1428 989 par
1465 944 1550 989 est,

68 1029 158 1056 non
193 1030 239 1062 se
267 1015 313 1055 in
343 1020 498 1071 stagna
523 1010 716 1069 fundens
754 1013 834 1055 sed
879 1013 926 1052 in
955 1017 1110 1070 sta-qna
1138 1027 1184 1052 se
1210 1010 1405 1068 fundens
1445 1015 1551 1056 scri.

68 1093 258 1136 bendum
275 1099 355 1135 est.
382 1091 526 1133 Habet
547 1092 660 1133 enim
684 1092 834 1147 priore
861 1105 907 1132 se
923 1090 1087 1132 omisso
1112 1097 1289 1149 stagnus
1306 1088 1551 1147 effundens.

600 1218 663 1265 10
685 1224 734 1265 et
756 1218 818 1265 11
843 1240 888 1259 =
911 1218 956 1277 1,
979 1216 1025 1263 3.
1574 1234 1629 1275 47

136 1318 366 1367 Corduba
401 1318 590 1367 colonia
623 1317 898 1367 Patriciae
936 1316 1239 1381 cognomine.

175 1435 212 1477 E
244 1436 342 1478 cod.
373 1436 415 1478 A
452 1435 736 1478 scribendum
773 1441 842 1476 est
881 1433 1094 1474 Patricia
1138 1445 1248 1474 casu
1278 1436 1549 1479 nominativo

66 1528 194 1570 quem
249 1516 377 1556 etiam
443 1513 483 1574 ξ
521 1516 589 1556 11.
644 1517 686 1556 in
746 1514 897 1556 verbis
947 1511 1103 1554 leviter
1155 1514 1377 1568 corruptis
1430 1515 1550 1572 Ilipa

66 1596 315 1652 cognomine
350 1593 467 1645 Illa,
509 1593 671 1635 Italica
706 1595 967 1648 reperimus.
1040 1592 1126 1632 Pro
1162 1592 1253 1632 Illa
1285 1594 1397 1634 enim
1430 1593 1550 1636 ΑΒΞ

65 1671 217 1728 legunt
246 1672 347 1728 Ilpa
379 1687 403 1714 e
434 1675 559 1715 varia
589 1674 764 1715 scilicet
793 1673 1027 1727 scriptura,
1057 1671 1175 1712 unde
1205 1685 1357 1713 verum
1388 1686 1548 1728 cogno-

66 1764 165 1792 men
198 1751 423 1793 excidisse
455 1759 656 1806 apparet,
689 1750 888 1793 fortasse
920 1764 944 1792 e
973 1748 1155 1791 Ptolem.
1173 1750 1223 1790 ΙΙ.
1244 1750 1283 1793 4.
1303 1749 1368 1791 13.
1390 1767 1549 1809 maqna

66 1829 398 1872 restituendum.

677 1931 946 1993 17:23.
1105 1928 1109 1932 ·
1571 1949 1627 1991 48

132 2042 403 2107 Agrippam
442 2044 638 2108 quidem
673 2045 722 2094 in
758 2052 891 2094 tanta
926 2043 1019 2095 viri
1056 2043 1305 2108 diligentia
1328 2051 1547 2109 praeter-

131 2150 226 2197 que
262 2133 311 2181 in
347 2133 440 2183 hoc
483 2153 634 2200 opere
668 2135 908 2204 [cura]‚
951 2137 1118 2184 orbem
1157 2151 1267 2182 cum
1304 2141 1548 2184 terrarum

129 2223 264 2271 orbi
300 2227 617 2289 spectandum
653 2227 998 2293 propositurus
1036 2231 1184 2286 esset,
1223 2241 1418 2274 errasse
1439 2226 1547 2291 quis

133 2314 302 2362 credat
340 2321 420 2362 rel.

181 2413 371 2455 Primum
415 2430 514 2458 cum
560 2419 786 2460 veteribus
831 2417 1073 2459 editoribus
1114 2416 1434 2459 restituendum
1479 2426 1548 2460 est

66 2490 202 2544 urbi,
232 2494 348 2548 quod
370 2496 633 2539 vocabulum
664 2497 929 2551 saepissime
961 2511 1056 2538 cum
1079 2495 1172 2537 orbi
1198 2497 1440 2550 permutari
1461 2511 1547 2539 mo-

66 2570 159 2612 nuit
188 2571 405 2627 Hauptius
441 2575 626 2623 Quaest.
658 2576 814 2618 Catull.
844 2591 885 2631 p.
905 2576 971 2618 21.
1037 2576 1148 2624 Quis
1184 2576 1297 2617 enim
1330 2577 1547 2630 porticum

70 2649 210 2692 Polae
242 2650 344 2694 alibi
375 2667 505 2708 quam
524 2654 696 2697 Romae
715 2656 910 2710 spectari
930 2656 1131 2711 potuisse
1155 2654 1342 2696 dixerit?
1372 2655 1546 2698 Deinde

70 2740 178 2769 cura
216 2737 368 2785 utpote
407 2746 431 2773 e
474 2733 771 2789 dittographia
811 2741 952 2776 ortum
994 2741 1286 2789 expungatur.
1365 2734 1548 2778 Scilicet

72 2804 114 2846 in
145 2806 185 2848 A
224 2822 329 2850 cura
362 2809 502 2852 orbem
541 2825 661 2865 cunt,
697 2814 741 2855 in
776 2813 818 2855 R
847 2827 954 2855 cura
985 2827 1084 2854 cum
1113 2811 1256 2854 orbem
1290 2827 1408 2864 cum,
1445 2815 1487 2856 in
1520 2815 1546 2855 d

1207 2901 1265 2942 3*
