1914 3237
748 137 881 179 Liber
910 139 1012 182 ΙΙΙ.
1573 135 1630 176 39

154 261 454 303 additamento
481 260 662 302 habere.
729 259 800 300 Ad
830 260 994 300 initium
1024 273 1187 302 sensus
1219 259 1275 302 cf.
1312 271 1426 316 quae
1455 258 1512 299 de
1543 257 1627 300 Ce-

154 340 307 395 cropia
344 335 704 381 monentur'VIl.
730 337 824 378 194.
854 361 906 367 —
943 338 978 389 §.
1001 338 1066 378 71.
1103 338 1326 392 vulgatam
1364 337 1626 392 scripturam

153 420 327 461 Lucani
351 416 615 459 servandam
646 429 748 458 esse
775 416 978 470 proximo
1015 417 1190 458 nomine
1222 416 1358 457 Lucio
1394 417 1626 466 evincitur,

152 497 285 552 quod,
314 496 351 537 si
383 509 407 536 e
437 495 614 538 Graeco
645 496 866 551 scriptore
897 508 979 536 sua
1008 494 1235 537 hausisset
1268 493 1445 545 Plinius,
1481 508 1625 551 aeque

149 575 310 616 Leucio
338 575 570 617 dicendum
603 582 709 616 erat.

737 654 802 701 92
823 678 868 695 z
889 652 936 715 8,
963 653 1041 701 14.
1649 666 1706 707 55

260 743 434 786 Insulas
466 744 587 785 circa
618 743 811 785 Siciliam
853 744 962 785 sitas
1000 743 1059 784 ita
1096 747 1326 783 enumerat
1357 740 1543 795 Plinius,
1579 750 1625 783 ut

150 838 250 866 cum
282 823 538 864 Ptolemaeo
571 829 614 864 et
645 821 874 876 Stephano
906 822 1120 878 Byzantio
1154 822 1196 862 in
1229 820 1483 862 universum
1519 834 1623 862 con·

149 903 301 957 spiret.
358 903 473 943 Nam
505 915 617 956 quae
649 915 676 943 a
706 900 960 943 Ptolemaeo
991 902 1062 942 111.
1080 901 1119 942 4.
1144 901 1206 942 17.
1239 899 1509 941 Phorbantia
1540 913 1623 940 vo-

149 990 290 1032 catur,
323 982 479 1023 eadem
506 981 704 1023 fortasse
725 989 793 1022 est
821 994 949 1036 quam
968 979 1040 1021 hic
1060 980 1235 1034 etapud
1249 978 1523 1034 Stephanum
1540 977 1622 1019 Bu-

147 1063 318 1104 cinnam
336 1060 553 1103 nominari
573 1061 773 1115 legimus,
793 1060 944 1101 Caene
964 1067 1108 1101 autem
1123 1059 1354 1114 Aeg-adum
1375 1072 1463 1099 una
1482 1057 1622 1099 fuisse

146 1141 342 1196 putanda
376 1146 456 1181 est.
528 1140 626 1187 Quo
665 1139 804 1194 magis
836 1138 988 1179 mirum
1032 1139 1230 1188 videtur,
1271 1137 1386 1193 quod
1420 1136 1622 1178 Aethusa

146 1222 266 1263 iuxta
294 1220 582 1275 Lopadusam
622 1218 729 1269 sita,
769 1232 897 1274 quam
932 1218 1062 1259 etiam
1092 1216 1376 1258 Ptolemaeus
1411 1214 1620 1257 1V.3.34.

146 1306 480 1350 commemorat,
520 1311 618 1339 cum
653 1296 839 1354 Aegusa
876 1297 1091 1352 Lilybaeo
1123 1295 1266 1337 vicina
1302 1300 1620 1349 permutantur.

143 1380 210 1420 Ita
240 1378 352 1420 enim
384 1377 584 1419 scribunt
605 1375 729 1419 Plinii
752 1378 958 1419 codices:
988 1375 1239 1431 Lopadusa,
1254 1371 1454 1415 Aethusa
1473 1387 1621 1434 quam

144 1457 241 1498 alii
267 1458 521 1515 Aequsam
555 1456 899 1512 scripserunt.
973 1455 1064 1498 Sed
1097 1454 1280 1495 Plinium
1309 1454 1452 1506 ipsum
1482 1452 1622 1493 tradi-

145 1537 265 1579 disse
293 1537 501 1578 arbitror:
534 1536 795 1593 Lopadusa,
827 1534 1048 1583 Aethusa,
1086 1532 1296 1590 Aequsa
1336 1531 1418 1573 rel.
1478 1531 1621 1580 Quam

145 1630 275 1671 quum
314 1615 518 1656 librarius
548 1629 630 1668 pro
660 1614 861 1656 lectionis
900 1614 1115 1655 varietate
1147 1610 1429 1664 accepisset,
1470 1610 1620 1651 maluit

143 1695 292 1736 verbis
319 1708 449 1754 quam
478 1692 672 1750 aliiAeq.
691 1693 958 1748 seripserunt
987 1691 1200 1732 indicare.
1259 1689 1367 1730 Mox
1393 1690 1619 1743 interpun-

144 1772 333 1828 gendum
362 1771 558 1813 fortasse
589 1778 682 1812 est:
719 1771 826 1812 VII
844 1770 1043 1819 Aeoliae,
1074 1767 1313 1824 appellatae
1343 1766 1517 1808 eaeclem
1546 1766 1619 1808 Li-

140 1865 414 1907 paraeorum.
473 1849 600 1897 Quae
627 1855 772 1890 autem
802 1862 905 1890 mox
935 1848 1142 1903 leguntur
1164 1845 1358 1896 Aeoliae,
1377 1845 1490 1906 quod
1503 1843 1619 1886 Aeo-

142 1929 210 1970 lus
237 1928 390 1970 Iliacis
421 1926 677 1983 temporibus
707 1926 765 1968 ibi
793 1928 1006 1985 regnavit,
1039 1941 1169 1983 quum
1190 1925 1309 1978 §.94
1339 1926 1496 1967 iterum
1516 1938 1617 1968 nar—

141 2015 308 2058 rentur,
337 2006 408 2047 hio
437 2008 492 2048 ab
522 2006 842 2062 interpolatore
874 2006 1105 2062 adscripta
1135 2020 1239 2048 esse
1274 2012 1395 2060 puto.

714 2084 781 2133 94
797 2105 848 2127 =
866 2085 913 2146 9,
938 2085 1017 2134 14.
1640 2112 1696 2154 56

210 2177 384 2225 Tertia
416 2177 708 2241 Strongyle,
753 2192 781 2223 a
815 2176 1002 2240 Lipara
1030 2176 1083 2224 Μ
1096 2193 1144 2241 p.
1184 2175 1246 2223 ad
1276 2181 1503 2223 exortum
1540 2191 1615 2223 so-

206 2268 266 2317 lis
303 2284 536 2333 vergens,
579 2266 628 2315 in
667 2283 761 2331 qua
795 2266 1017 2331 regnavit
1051 2267 1263 2328 Aeolus,
1306 2283 1431 2331 quae
1469 2283 1496 2314 a
1530 2266 1614 2315 Li-

208 2374 330 2423 para
372 2358 634 2422 liquidiore
684 2349 867 2405 tantuin
921 2358 1116 2405 flamma
1162 2356 1352 2419 differt3
1401 2375 1428 2405 e
1474 2357 1613 2406 cuius

207 2449 341 2498 fumo
372 2448 565 2512 quinam
594 2448 760 2497 flaturi
790 2448 886 2496 sint
909 2447 1042 2498 venti
1069 2447 1120 2495 in
1138 2446 1303 2495 triduo
1323 2447 1613 2513 praedicere

206 2540 395 2588 incolae
424 2539 683 2588 traduntur
720 2552 803 2587 ete.

253 2628 538 2670 Manifestum
566 2629 752 2683 primum
782 2636 850 2671 est
877 2642 1106 2671 numerum
1137 2635 1240 2670 ante
1257 2627 1362 2684 Mp.
1377 2627 1609 2669 excidisse

139 2709 250 2750 Nam
289 2707 511 2764 aliquanto
548 2706 715 2749 maiore
749 2707 973 2749 intervallo
1012 2707 1097 2749 hae
1132 2707 1304 2748 insulae
1337 2706 1610 2755 dirimuntur,

143 2787 183 2827 X
201 2787 374 2830 milibus
399 2800 613 2843 passuum
644 2787 886 2829 secundum
909 2785 1159 2828 Cluverium
1180 2785 1295 2828 Sicil.
1314 2786 1444 2840 antiq.
1462 2800 1503 2839 p.
1518 2783 1611 2825 411.
