1914 3237
716 141 847 182 liber
875 142 944 182 II.
1516 139 1568 179 17

207 267 331 308 Initio
361 280 457 307 cum
488 265 528 305 R
553 264 752 306 scribere
783 263 949 303 malim:
980 262 1057 302 Fit
1086 269 1126 302 et
1150 262 1283 320 reliqu
1308 262 1473 304 belluae
1502 263 1571 302 si-

95 345 207 386 mili
234 343 395 394 nube,
431 343 529 382 dira
558 340 862 398 navigantibus
891 338 971 392 (cf.
989 339 1080 382 Cic.
1101 341 1154 381 de
1173 342 1300 383 divin.
1321 341 1467 398 1121).
1524 341 1573 381 ln

96 425 239 466 altero
270 436 408 465 sensu
437 428 559 462 recte
593 419 789 475 Silligius
827 432 986 461 nomen
1016 419 1082 459 rei
1111 432 1224 473 quae
1250 419 1331 460 h.l.
1363 419 1574 461 describi·

96 511 166 544 tur
195 501 385 555 flagitari
417 501 642 549 observat,
672 498 788 554 quod
820 497 1172 552 interpunctione
1197 504 1362 538 mutata
1388 506 1430 539 et
1459 497 1574 552 glos-

96 587 265 623 semate
298 586 481 621 extruso
511 579 770 622 restituitur.
828 577 900 618 Ad
931 577 1071 618 verba
1103 575 1215 617 enim
1247 589 1303 616 ex
1332 575 1479 616 eodem
1505 590 1575 633 qe-

96 673 201 700 nere
230 665 396 699 temere
428 658 701 712 adscriptum
722 656 868 698 fuerat
898 654 1062 696 nubes
1090 655 1207 710 quod
1225 654 1366 696 acod.
1384 653 1575 695 eabest.

98 738 196 785 Quo
232 737 396 778 omisso
428 737 488 778 ita
518 737 659 778 oratio
691 736 853 790 optime
884 734 1112 789 procedit:

157 827 352 869 Vocatur
380 831 422 866 et
450 825 650 866 columna
680 848 727 855 -—
761 823 961 873 sustinet,
999 837 1055 863 ex
1084 822 1232 862 eodem
1257 835 1434 877 genere,
1466 826 1507 860 et
1531 820 1577 860 in

157 908 181 949 l.
199 921 240 947 v.
273 904 419 962 fistula
450 919 609 966 aquam
641 903 786 946 trahit„

102 996 168 1038 Cf.
185 996 361 1037 Lucret.
385 993 456 1035 VI.
477 993 560 1034 426
578 1006 673 1048 sqq.
709 992 851 1034 Aliter
880 991 1280 1046 interpungendum
1312 1003 1415 1032 esse
1448 990 1577 1031 etiam

98 1077 231 1117 lanus
261 1073 287 1115 l.
310 1072 334 1115 l.
365 1071 480 1112 vidit.

651 1196 747 1244 137
767 1219 818 1239 =
839 1180 920 1255 51,
945 1195 1026 1243 52.
1569 1173 1571 1175 ’
1604 1208 1656 1249 22

168 1311 355 1361 Marcia
413 1311 706 1376 princeps
765 1310 1160 1358 Romanarum
1216 1309 1314 1357 icta
1363 1307 1578 1373 gravida,

167 1409 312 1467 partu
347 1401 653 1462 exanimato,
706 1401 813 1466 ipsa
864 1401 984 1448 citra
1030 1401 1178 1448 ullum
1221 1399 1352 1447 aliud
1398 1399 1579 1447 incom-

167 1494 362 1542 modum
400 1492 536 1541 vixit.

211 1593 431 1648 Corrupta
449 1593 561 1634 haec
579 1607 682 1635 esse
701 1591 978 1634 manifestum
1012 1598 1095 1639 est,
1126 1604 1256 1645 quum
1274 1590 1438 1633 femina
1467 1592 1579 1645 prin-

100 1687 209 1728 ceps
238 1673 539 1713 Romanarum
570 1671 786 1726 appellari
816 1669 935 1712 nullo
967 1670 1097 1710 modo
1130 1670 1284 1723 possit.
1346 1670 1477 1718 Quod
1507 1683 1583 1712 au-

99 1760 185 1792 tem
225 1759 356 1792 acute
393 1751 581 1792 coniecit
617 1751 749 1791 Ianus
776 1751 976 1805 princeps
1004 1755 1306 1789 matronarum
1345 1749 1581 1804 probarem

102 1830 326 1884 equidem,
369 1829 407 1868 si
443 1836 517 1869 aut
556 1835 855 1870 matronarum
895 1827 1170 1883 principatus
1205 1835 1332 1869 certa
1363 1829 1583 1883 quaedam

101 1909 290 1964 dignitas
326 1915 398 1948 aut
433 1907 604 1949 Marcia
637 1915 726 1949 tam
762 1907 947 1963 insignis
983 1907 1146 1947 virtute
1186 1905 1347 1948 fuisset
1387 1913 1434 1947 ut
1471 1906 1584 1948 inter

99 2001 253 2031 omnes
284 1994 510 2029 matronas
551 1988 763 2042 princeps
805 1986 1065 2028 haberetur.
1119 1984 1180 2025 At
1214 1998 1320 2026 vero
1352 1985 1441 2027 tale
1478 1985 1585 2026 nihil

100 2066 339 2109 memoriae
370 2066 582 2121 proditur.
640 2067 729 2107 Iam
759 2079 869 2107 vero
899 2065 1050 2120 optimi
1083 2065 1266 2106 codices
1292 2064 1448 2106 RlTa
1470 2064 1495 2105 d
1524 2064 1584 2106 le-

100 2152 207 2200 gunt
236 2146 552 2197 Romanorum,
585 2160 671 2202 qua
703 2146 924 2200 scriptura
957 2151 1141 2198 recepta
1167 2143 1367 2199 princeps
1398 2143 1439 2184 in
1469 2143 1586 2199 prin-

102 2224 204 2279 cipis
233 2224 484 2265 mutandum
514 2226 703 2279 videtur,
731 2224 792 2265 ita
821 2230 867 2264 ut
896 2237 1057 2264 nomen
1089 2223 1205 2264 unde
1237 2222 1456 2278 genitivus
1480 2235 1586 2276 pen-

103 2303 225 2357 deat,
270 2303 496 2346 exciderit.
569 2304 700 2353 Quod
743 2317 766 2344 e
797 2302 955 2359 litteris
996 2302 1129 2343 umicl
1168 2302 1486 2344 restituendum
1521 2308 1589 2343 est

104 2381 220 2423 auia.
278 2381 450 2423 Marcia
479 2383 607 2437 enim,
640 2384 693 2431 Q.
725 2380 884 2422 Marcii
913 2381 1052 2435 Regis
1083 2395 1228 2435 soror,
1260 2394 1375 2436 quae
1408 2380 1455 2422 C.
1478 2380 1586 2422 Iulio

106 2459 290 2501 Caesari
317 2467 551 2515 nupserat,
584 2461 812 2503 dictatoris
843 2459 1053 2502 Caesaris
1087 2461 1187 2502 avia
1217 2460 1317 2515 fuit,
1350 2473 1479 2515 quem
1511 2473 1588 2501 eo-

107 2539 204 2580 dem
246 2539 376 2579 modo
410 2539 655 2595 principem
687 2541 989 2582 Romanorum
1020 2538 1250 2594 appellare
1280 2539 1402 2580 licuit
1433 2537 1588 2587 Plinio,

106 2632 190 2674 quo
226 2618 361 2660 XXII.
388 2617 457 2661 20.
489 2618 708 2660 Periclem
736 2618 1074 2660 Atheniensium
1116 2619 1360 2673 principem
1400 2615 1588 2659 vocavit.

108 2697 400 2740 Scribendum
432 2704 502 2740 est
526 2698 672 2752 igitur,
702 2704 749 2739 ut
777 2697 970 2738 videtur:

439 2787 691 2843 principis
729 2788 1082 2829 Romanorum
1120 2787 1253 2827 avia.

1282 2876 1306 2914 2
