1914 3237
756 167 875 209 Liber
904 167 989 208 XX
1000 165 1090 207 VII.
1573 158 1654 202 155

190 301 340 357 Itaque
372 299 476 343 locis
505 298 787 355 Theophrasti
816 297 893 340 IX.
927 298 992 339 18.
1022 297 1048 341 7
1078 300 1121 338 et
1148 296 1340 337 Dioscor.
1356 292 1428 335 IV.
1443 293 1522 336 183
1543 305 1655 333 com-

192 379 353 437 paratis
382 379 466 420 levi
496 376 827 432 transpositione
858 375 984 416 Plinii
1013 374 1144 417 verba
1172 374 1232 415 ita
1261 372 1506 415 ordinentur
1535 383 1658 426 opor-

191 462 270 503 tot:
300 470 457 508 aquam.
477 458 680 498 Radix—
697 457 1010 503 rheumatismos,
1029 457 1164 493 melius
1178 451 1368 506 (contra)
1395 453 1551 490 taenias
1573 462 1660 490 cum

191 550 248 581 m.
275 538 373 587 pari
398 536 592 586 pondere.
649 531 917 588 Praepositio
950 531 1062 573 enim
1093 530 1145 572 ab
1178 531 1269 585 ipso
1302 532 1475 571 auctore
1505 527 1662 569 omissa

189 612 358 658 videtur
382 626 492 665 esse,
523 625 650 670 quum
670 610 782 655 hunc
799 623 970 654 sensum
993 609 1178 664 margini
1206 610 1358 664 postea
1387 605 1658 648 adscriberet.

303 692 340 746 ξ.
370 691 422 734 81
454 694 551 742 ipsis
579 694 821 745 corruptum
865 702 959 732 esse
988 687 1135 741 video,
1185 686 1396 742 corrigere
1434 684 1476 725 in
1515 697 1560 726 re
1599 683 1661 725 in-

190 774 309 813 eerta
337 783 422 812 non
453 769 604 813 audeo,

758 851 816 897 91
857 867 900 887 ==
939 849 1097 906 10,65.
1693 866 1772 909 581

261 936 462 987 vulnera
518 951 715 1002 quoque
768 934 1072 1001 conglutinat
1126 931 1415 994 (holosteon
1460 929 1664 989 herba);

258 1042 366 1076 nam
404 1030 450 1075 et
489 1040 661 1075 carnes
699 1029 944 1090 eoguntur
979 1023 1158 1073 addita.

304 1114 447 1156 Dioso.
478 1112 552 1155 IV.
586 1115 632 1156 11
682 1113 869 1159 δύναται
907 1113 957 1156 δὲ
1000 1115 1075 1155 καὶ
1126 1109 1236 1168 afim}
1293 1113 1399 1168 κρέα
1460 1106 1668 1161 συνάγειν

198 1194 481 1248 συνεψομένη
522 1196 613 1235 dum
653 1199 876 1243 coquuntur
906 1205 932 1232 a
960 1205 1002 1245 r,
1043 1183 1103 1232 cu—
1121 1198 1318 1232 cocuntur
1334 1189 1391 1230 R1
1416 1195 1496 1230 tum
1519 1200 1667 1228 cocun-

197 1280 261 1313 tur
298 1270 376 1312 13².
437 1269 583 1312 Scribe
613 1284 708 1312 cum
748 1283 773 1311 a
810 1273 901 1310 dum
940 1249 1164 1321 coquuntur
1195 1283 1251 1312 sc.
1283 1267 1568 1325 conglutinat,
1615 1267 1668 1309 de

197 1364 280 1407 qua.
317 1349 434 1391 verbi
474 1349 610 1405 ellipsi
647 1348 893 1404 diligenter,
934 1353 980 1390 ut
1019 1348 1148 1401 solet,
1188 1348 1275 1405 egit
1313 1347 1577 1403 Grasberger
1617 1346 1668 1388 de

196 1442 275 1470 usu
287 1428 391 1470 Plin.
412 1442 450 1483 p.
467 1428 532 1469 14.
563 1426 706 1468 Verba
734 1430 836 1468 sicut
862 1431 920 1475 fel
948 1430 1064 1468 dulce
1092 1426 1242 1468 merito
1273 1440 1297 1467 a
1326 1426 1521 1468 Pintiano
1554 1424 1670 1466 dam-

195 1510 361 1548 nantur.

771 1564 1080 1619 93:11,69.
1699 1557 1781 1599 582

270 1651 445 1700 Idaeae
482 1650 665 1700 herbae
704 1649 819 1699 folia
854 1654 967 1698 sunt
1011 1663 1137 1714 quae
1174 1648 1541 1714 oxymyrsines3
1584 1646 1671 1696 ad-

269 1739 474 1789 haerent
521 1738 578 1788 iis
616 1737 752 1788 velut
786 1738 1025 1804 pampini,
1078 1737 1126 1786 in
1161 1737 1338 1801 quibus
1384 1735 1490 1787 ssos.
1559 1735 1671 1801 Ipsa

266 1826 429 1876 alvum
464 1842 761 1892 mensesque
799 1856 856 1863 -—
894 1827 1019 1876 sistit
1051 1825 1135 1876 rel.

315 1916 536 1965 Quaenam
568 1919 633 1957 est
662 1915 756 1970 ipsa
784 1914 919 1957 herba
948 1928 973 1956 a
1002 1914 1114 1957 soliis
1146 1920 1187 1956 et
1216 1916 1317 1956 flore
1347 1913 1575 1955 distincta?
1607 1914 1671 1954 De

202 1994 345 2036 radice
377 2007 613 2035 sermonem
645 2006 742 2034 esse
762 1994 1035 2036 Dioscorides
1065 1993 1139 2035 IV.
1171 1994 1224 2035 44
1251 1991 1411 2034 indicat
1425 1991 1490 2032 his
1511 1991 1669 2033 verbis:

202 2072 360 2127 ταύτης
392 2069 412 2127 ἢ
446 2069 545 2128 ῥίζα
566 2072 774 2127 στυπτικὴ
805 2072 984 2130 σφόδρα
1014 2089 1049 2115 κ.
1068 2088 1103 2114 τ.
1116 2073 1152 2114 λ.
1184 2071 1304 2119 Quae
1335 2084 1389 2111 ex
1418 2071 1670 2125 optimarum

201 2150 543 2194 membranarum
575 2150 674 2192 aR’
704 2155 921 2201 floremque
949 2154 1096 2202 ipsum,
1142 2154 1219 2201 flos
1247 2161 1406 2199 remque
1440 2147 1523 2200 ipsi
1560 2147 1671 2189 vitiis

207 2228 266 2273 sic
294 2228 548 2271 restituitur:

257 2310 297 2347 in
329 2309 471 2357 quibus
498 2310 588 2356 flos.
618 2308 785 2348 Radia:
814 2311 903 2358 ipsa
934 2310 1013 2347 etc.

782 2378 843 2425 97
862 2395 907 2415 Ξ
936 2375 1090 2431 11,73.
1172 2375 1186 2387 ⁴
1703 2398 1783 2442 533

268 2449 522 2515 Lyeapsos
559 2450 866 2516 longioribus
904 2465 1046 2515 quam
1081 2448 1273 2499 lactuca
1296 2454 1370 2498 est
1389 2448 1518 2500 foliis
1542 2465 1673 2499 eras-

269 2539 596 2604 sioribusque,
637 2539 775 2590 caule
812 2538 980 2604 longo,
1016 2537 1218 2597 hirsuto,
1255 2538 1481 2603 adgnatis
1510 2538 1673 2588 multis

270 2628 587 2687 cubitalibus,
647 2627 767 2678 flore
822 2643 973 2694 parvo
1027 2642 1299 2692 purpure03
1360 2627 1576 2677 nascitur
1625 2626 1672 2675 in

269 2717 640 2783 campestribus,

313 2807 377 2850 lta
405 2810 452 2847 ut
481 2806 611 2865 vulgo
640 2805 727 2848 Sill.
758 2805 876 2850 libris
906 2803 1024 2846 MSS.
1055 2804 1284 2860 neglectis,
1332 2804 1374 2846 in
1407 2802 1558 2860 quibus
1588 2816 1672 2848 non
