1914 3237
793 157 910 196 Liber
942 157 1084 197 XXII.
1591 156 1672 208 119

760 309 822 355 84
860 323 906 340 ι’*
945 311 1102 365 22,41.

275 397 453 456 (sium)
496 433 507 444 .
545 433 554 442 .
593 395 904 459 dysintericis
932 395 1134 459 prodest
1171 396 1393 454 infusum,
1431 397 1543 446 item
1581 397 1672 446 illi-

269 491 368 534 tum
422 483 644 546 lentigini
697 487 744 532 et
780 481 1034 532 mulierum
1085 482 1212 531 vitiis
1262 484 1310 531 in
1346 484 1468 534 facie
1524 491 1671 535 noctu

268 573 437 621 illitum
475 576 822 635 momentoque
854 576 1012 620 cutem
1050 571 1291 620 emendat.

313 660 464 701 Mirum
511 673 613 700 sane
650 673 735 700 uno
778 660 980 715 temporis
1021 664 1234 700 momento
1282 660 1364 713 (ita
1407 661 1518 701 enim
1558 666 1672 703 recte

202 738 420 781 Strackius
451 738 507 790 ,in
537 738 675 780 einem
707 737 1017 793 Augenblicke‘
1046 738 1261 792 vulgatam
1290 738 1515 780 lectionem
1544 739 1671 780 inter-

201 821 415 872 pretatur)
449 820 590 857 cutem
620 815 837 856 emendari
868 819 910 856 et
938 815 1196 856 incredibile.
1248 815 1359 863 Quid
1388 816 1549 857 Plinius
1583 817 1672 857 dix-

203 895 282 935 erit
310 894 516 935 Martialis
559 908 627 934 me
659 894 801 935 docuit
842 893 912 949 qui
942 893 1018 935 III.
1049 894 1103 939 42
1133 893 1297 935 Pollam
1337 894 1396 935 ita
1426 894 1670 949 alloquitur:

202 972 422 1025 ,Lomento
464 986 592 1027 rugas
639 973 746 1013 uteri
795 971 906 1027 quod
938 971 1120 1012 condere
1165 974 1334 1013 tentas!
1393 971 1563 1014 Scilicet
1607 988 1671 1015 re-

201 1054 384 1106 ponatur
413 1054 598 1104 oportet:
631 1054 885 1100 lomentoque.
946 1050 982 1103 ξ.
1015 1049 1069 1091 88
1098 1063 1121 1090 e
1151 1049 1191 1090 R
1214 1050 1251 1089 V
1281 1063 1425 1091 soncos
1456 1051 1568 1106 quod
1598 1066 1671 1092 no-

200 1141 298 1169 men
329 1141 354 1168 a
376 1126 670 1181 Theophrasto
703 1141 869 1183 quoque
903 1127 974 1168 VI.
1005 1128 1043 1169 4.
1074 1128 1099 1170 3
1129 1132 1369 1182 usurpatur,
1402 1128 1671 1171 scribendum

201 1211 278 1247 est.
338 1204 481 1246 Verba
524 1209 722 1259 corrupta
764 1208 831 1255 qui
867 1218 887 1244 e
931 1209 1034 1245 [acle
1063 1210 1169 1245 nitor
1214 1205 1441 1247 emendare
1485 1207 1671 1248 nondum

200 1282 302 1323 mihi
332 1282 530 1338 contigit:
570 1287 637 1333 qui
666 1295 686 1322 e
717 1286 819 1323 lacle
848 1287 1029 1332 coquitur
1060 1283 1101 1323 in
1132 1288 1317 1324 mentem
1345 1289 1532 1329 venerat.
1564 1285 1671 1325 Item

201 1362 238 1415 ξ.
269 1361 319 1403 91
347 1364 506 1410 seminis
537 1360 752 1415 displicet,
802 1360 915 1415 quod
953 1359 1135 1401 fortasse
1173 1360 1215 1401 in
1251 1363 1475 1409 feminibus-
1506 1367 1670 1404 mutan-

200 1438 300 1480 dum
329 1441 421 1480 erit.

756 1531 818 1578 92
852 1543 907 1563 Ξ·-
942 1531 1102 1586 22,46.

266 1619 393 1667 lnter
429 1634 487 1667 ea
524 1633 649 1681 quae
693 1621 877 1665 temere
915 1617 1209 1666 manduntur
1255 1623 1302 1666 et
1340 1618 1531 1668 boletos
1568 1634 1669 1667 rne-

258 1707 346 1756 rito
377 1708 639 1771 posuerim,
678 1705 825 1770 opimi
862 1705 1057 1769 quidem
1090 1705 1182 1755 hos
1208 1706 1298 1755 cibi
1321 1707 1408 1755 sed
1433 1707 1667 1756 immenso

267 1793 493 1859 exemplo
526 1794 572 1842 in
611 1794 791 1842 crimen
827 1794 1085 1842 adductos

311 1882 429 1923 Ferri
461 1882 630 1938 quidem
662 1881 768 1922 haec
793 1895 919 1937 posse
951 1881 1152 1934 concedo,
1182 1895 1292 1937 nego
1316 1895 1339 1922 a
1357 1882 1494 1923 Plinio
1513 1882 1670 1937 scripta

200 1975 306 2004 esse.
363 1960 474 2001 Nam
506 1959 684 2014 primum
704 1962 903 2001 adductus
931 1960 1024 2001 libri
1055 1973 1202 2000 omnes
1227 1959 1347 2000 MSS.
1378 1960 1549 2013 habent,
1581 1966 1668 2001 tum

198 2042 259 2079 lzis
290 2042 402 2079 cibus
431 2047 466 2078 et
498 2040 529 2076 V
555 2037 590 2078 T
609 2036 656 2089 d,
695 2040 757 2078 his
785 2041 897 2079 cibus
924 2041 997 2078 sed
1026 2040 1077 2090 Θ,
1108 2037 1263 2078 deinde
1294 2042 1434 2089 opimis
1465 2038 1566 2090 VT,
1598 2052 1667 2089 op-

198 2115 334 2169 antid,
363 2120 528 2166 optimus
562 2118 612 2158 Θ.
644 2103 941 2170 Quum⁵igitur
970 2116 1012 2156 in
1031 2116 1290 2156 nominativo
1309 2119 1506 2156 addemus
1521 2129 1668 2156 omnes

199 2194 479 2246 consentiant,
512 2198 734 2248 praeterea
764 2193 801 2232 V
823 2196 860 2235 Θ
893 2201 1039 2234 contra
1070 2193 1107 2233 R
1137 2193 1398 2248 conspirent,
1431 2193 1576 2249 quidni
1605 2195 1666 2234 fa-

200 2272 396 2313 cillimam
428 2275 682 2312 structuram
706 2284 759 2312 ex
790 2285 935 2312 eorum
961 2285 1170 2312 consensu
1201 2271 1447 2312 eliciamus?

255 2354 422 2400 optimus
450 2352 515 2389 he'c
547 2352 657 2390 cibus
681 2352 752 2389 sed
783 2374 831 2378 -
863 2352 1071 2390 adductus.

284 2428 320 2481 §-
352 2427 404 2470 93
436 2426 648 2468 Gronovio
682 2427 892 2468 assentior
907 2441 1121 2478 rarumque
1142 2428 1358 2468 scribenti:
1387 2427 1523 2469 codex
1556 2429 1667 2469 enim

178 2505 262 2562 JK,
303 2518 326 2545 e
363 2519 445 2560 quo
479 2519 577 2545 raro
625 2519 808 2556 umquam
839 2506 880 2546 S.
920 2506 1080 2560 recepit
1119 2506 1227 2546 inter
1268 2505 1396 2546 libros
1438 2505 1560 2547 MSS.
1591 2507 1665 2547 im-

198 2584 347 2625 merito
371 2582 562 2626 refertur.

421 2688 734 2742 94:2246.
776 2685 867 2739 (de
906 2683 1081 2734 boletis
1118 2699 1276 2734 sermo
1316 2689 1426 2743 est).

263 2773 414 2839 Origo
473 2774 625 2839 prima
677 2788 923 2837 causaque
971 2789 997 2823 e
1034 2772 1148 2823 limo
1187 2812 1198 2822 .
1237 2811 1248 2823 .
1287 2812 1297 2823 .
1336 2790 1450 2824 mox
1487 2780 1664 2839 partus,

1702 379 1780 420 485

1698 1551 1779 1594 486

1696 2703 1777 2746 487
