1914 3237
144 1104 221 1146 13ss

257 149 336 191 110
864 147 995 189 Liber
1026 147 1110 190 VI.

254 272 453 313 vitiosum
473 283 575 312 esse
598 270 831 312 intellexit:
858 272 1034 314 facilius
1064 279 1206 315 tamen
1239 283 1367 328 quam
1399 274 1516 329 quod
1540 273 1612 316 ille
1644 288 1718 316 ex-

253 349 462 402 cogitavit
490 349 731 390 remedium
762 357 808 390 ut
834 363 951 405 pone
972 364 1010 392 v.
1028 358 1152 407 parte
1183 360 1564 407 transponeretur,
1595 367 1720 409 repe-

252 428 326 469 riri
371 436 561 481 poterat.
639 428 826 470 Dativus
864 431 978 470 enim
1019 443 1152 472 casus
1191 432 1490 474 restituendus
1530 440 1621 483 est,
1674 442 1720 474 ut

253 513 396 547 terras
413 505 661 548 fluminibus
679 508 787 549 mari
811 510 1009 550 invectas
1027 523 1128 550 esse
1150 523 1256 551 vere
1283 517 1325 551 et
1357 512 1582 565 aptissime
1615 524 1718 552 nar-

250 593 384 626 retur.
434 585 479 625 111
514 586 688 627 dubium
720 587 977 638 remanebit,
1011 597 1153 629 utrum
1185 588 1226 628 in
1255 587 1340 629 liae
1373 590 1610 631 mutatione
1640 603 1718 632 30-

249 665 564 717 quiescendum
604 679 707 707 esse
747 674 991 708 statuamus
1021 680 1077 707 an
1106 667 1377 721 probabilius
1408 669 1536 709 etiam
1568 682 1620 710 eo
1651 683 1718 710 or-

249 750 337 784 tum
370 757 474 785 esse
504 745 652 786 vitium
684 747 966 795 arbitremur,
999 746 1115 800 quod
1144 745 1186 785 in
1225 745 1338 787 libro
1371 747 1717 802 protarchetypo

247 823 458 878 scriptum
497 822 626 864 suerit
662 838 759 864 imm
795 838 875 876 sun,
913 824 1069 865 litteris
1108 837 1119 862 1
1153 832 1195 865 et
1225 839 1249 864 n
1287 832 1333 865 ut
1364 824 1410 865 fit
1443 826 1716 880 permutatis,

247 902 363 942 unde
395 916 523 956 quum
556 903 814 944 describere
846 902 1058 943 deberent
1085 903 1200 942 mari
1222 902 1315 954 sed,
1347 902 1573 944 effecerint
1601 904 1716 945 scri-

247 981 328 1020 bae
360 980 494 1020 maris
520 980 578 1020 id.

801 1093 897 1141 146
919 1116 963 1134 Ξ
986 1093 1066 1155 28,
1089 1093 1165 1141 32.

314 1205 526 1270 Quidam
563 1215 613 1253 et
649 1205 741 1254 alia
772 1205 826 1254 II
865 1205 1044 1269 oppida
1078 1205 1233 1270 longis
1270 1205 1534 1253 intervallis
1573 1205 1713 1271 Tigri

309 1294 643 1360 praenavigari
680 1296 891 1357 tradunt,
922 1295 1218 1356 Barbatiam,
1256 1312 1369 1343 mox
1403 1296 1712 1358 Thumatam‚

310 1386 440 1450 quod
478 1388 650 1435 abesse
687 1403 713 1434 a
748 1387 899 1435 Petra
941 1387 1128 1434 dierum
1167 1386 1213 1434 X
1256 1386 1560 1451 navigatione
1599 1388 1711 1454 (ne-

307 1476 572 1541 gotiatores
612 1477 779 1525 dicunt
822 1478 1218 1525 Characenorum
1263 1478 1367 1542 regi
1407 1478 1614 1543 parere)
1663 1486 1711 1526 et

306 1568 572 1632 Apameam
629 1567 770 1615 sitam
823 1567 903 1616 ubi
947 1569 1242 1632 restagnatio
1286 1567 1556 1632 Euphratis
1601 1585 1708 1617 cum

308 1658 449 1723 Tigri
483 1659 709 1707 conssuat.

350 1771 412 1811 lta
436 1769 630 1826 Silligius
659 1783 682 1810 e
703 1769 932 1822 codde,
962 1769 1045 1810 nisi
1076 1769 1193 1823 quod
1224 1767 1322 1809 abes
1346 1769 1386 1809 in
1406 1768 1605 1811 Rexstat
1629 1783 1707 1824 op-

238 1848 474 1903 pidumque
501 1848 771 1890 Dumatham
802 1861 955 1889 onmes
987 1847 1234 1902 appellant‚
1262 1847 1378 1902 quod
1407 1848 1488 1889 iam
1518 1849 1558 1889 in
1587 1856 1708 1890 vetu-

237 1928 318 1968 stis
353 1927 615 1969 editionibus
647 1941 700 1968 ex
730 1926 824 1968 aliis
856 1927 979 1968 libris
1000 1926 1114 1967 falso
1137 1924 1427 1966 Tkumatham
1457 1928 1528 1968 vel
1559 1929 1707 1981 potius

241 2004 499 2046 Tloeumatam
521 2007 727 2048 scribitur
747 2020 771 2046 a
790 2005 1043 2047 Ptolemaeo
1065 2005 1137 2045 vl.
1158 2005 1195 2045 7.
1211 2003 1277 2046 33.
1299 2014 1703 2047 commemoratum.

237 2084 527 2126 Consentiunt
556 2085 628 2128 ΘΤ
669 2092 874 2134 eatenus3
918 2084 1034 2138 quod
1066 2097 1219 2125 vocem
1252 2084 1390 2123 nostri
1427 2096 1539 2136 quae
1574 2082 1705 2137 vulgo

234 2173 336 2205 ante
363 2166 644 2222 neyotiatores
668 2164 976 2217 praemittitur,
997 2163 1206 2204 omittunt.
1269 2161 1707 2222 Characenormnque

234 2244 364 2299 vulgo
397 2246 603 2285 scribitur
634 2258 657 2284 e
693 2243 842 2292 codd„
879 2250 925 2283 ut
954 2242 1147 2288 videtur,
1180 2249 1358 2296 praeter
1388 2240 1457 2281 Ru
1487 2241 1703 2282 omnibus.

237 2324 464 2364 Postremo
506 2324 728 2364 inversum
769 2322 966 2363 ordinem
1010 2320 1154 2362 decem
1195 2319 1364 2358 ‹liermn
1410 2332 1562 2359 omnes
1606 2318 1706 2360 libri

233 2411 420 2457 excepto
453 2402 490 2443 R
521 2403 726 2442 videntur
758 2400 985 2443 exhibere.
1055 2400 1144 2440 lam
1181 2412 1288 2439 vero
1329 2411 1384 2438 ne
1421 2399 1489 2439 sic
1530 2398 1703 2452 quidem

232 2482 451 2536 quomodo
483 2494 507 2521 a
540 2481 708 2536 Silligio
739 2479 1077 2531 constituuntur,
1117 2490 1230 2518 sana
1258 2490 1360 2518 esse
1397 2479 1535 2518 verba
1572 2476 1702 2517 facile

232 2568 299 2602 est
319 2559 553 2602 intellectu.
617 2560 802 2600 Primum
836 2559 949 2597 enim
980 2571 1065 2597 non
1101 2557 1184 2597 (luo
1207 2557 1286 2597 sed
1309 2556 1390 2596 tria
1412 2556 1575 2610 oppida
1595 2569 1698 2596 enu-

231 2646 472 2680 merantur:
514 2638 672 2679 ‹leimle
705 2637 914 2690 oppidum
946 2635 1160 2676 Thumata
1199 2636 1240 2676 in
1274 2635 1416 2676 medio
1449 2634 1698 2674 continente

230 2720 342 2759 inter
377 2718 548 2758 l’etram
581 2725 623 2757 et
654 2716 900 2757 Characem
931 2717 1060 2756 situm
1097 2715 1151 2754 ab
1191 2727 1319 2754 amne
1357 2712 1475 2765 Tigri
1512 2726 1698 2765 prorsus

229 2797 416 2838 alienum
449 2804 536 2838 est:
567 2802 790 2848 postremo
822 2794 1040 2848 quomodo
1071 2791 1350 2845 navigatione
1379 2805 1403 2832 a
1424 2791 1552 2832 Petra
1584 2792 1695 2833 Thu·
