1914 3237
769 149 884 188 Liber
913 149 1044 188 XXX
1053 148 1094 186 V.
1576 146 1653 189 231

244 276 311 318 Ita
341 290 363 318 e
383 277 557 332 vulgata
585 277 768 319 lectione
800 281 926 332 atque
957 276 1172 319 codicibus
1191 276 1392 333 Silligius,
1424 277 1494 332 qui
1523 276 1655 318 Isido-

190 368 280 395 rum
311 354 428 395 XVI.
450 356 471 396 1
502 355 700 401 laudavit,
734 354 853 409 quasi
882 354 916 394 is
947 367 1030 394 non
1062 354 1211 396 iisdem
1243 354 1457 396 codicibus
1489 368 1656 410 corrup-

191 433 242 473 tis
274 446 374 473 usus
405 438 530 474 essct.
577 433 727 473 Mirum
759 445 861 473 sane
894 432 1006 488 quod
1036 446 1145 488 quae
1175 434 1258 474 iam
1289 434 1331 474 in
1364 433 1540 474 vetustis
1572 432 1657 473 edi-

190 511 375 552 tionibus
408 511 533 565 paulo
565 511 791 551 correctius
823 509 1079 563 edebantur,
1129 510 1267 552 denuo
1313 516 1511 566 corrupta
1547 516 1657 552 sunt.

189 591 254 631 lta
284 593 426 630 autem
456 588 730 629 Dioscorides
762 588 810 630 V.
843 590 920 631 171
972 594 1196 644 utrumque
1238 602 1372 644 genus
1413 589 1656 642 descripsit:

189 668 266 722 τὴν
296 667 410 719 ἄγαν
439 667 594 721 λευκὴν
623 669 884 723 προκριτέον
913 670 987 708 καὶ
1017 666 1233 723 ἐλαφρὰν,
1263 671 1336 708 καὶ
1365 664 1412 709 ἐν
1441 670 1501 724 τῷ
1518 671 1660 720 &lyam

188 745 265 800 τὴν
302 746 498 797 γλῶτταν
535 746 833 801 κρατουμένην
871 741 1082 796 ἐγκόλλως
1113 769 1165 774 —
1193 746 1266 787 οἵα
1299 741 1435 796 ἐστὶν,
1467 744 1518 800 ἣν
1547 761 1660 794 τινες

188 822 418 878 κολλύριον
447 824 674 866 καλοῦσιν.
727 822 849 864 ’Ἐστι
879 822 961 878 γὰρ
1001 820 1134 877 αὐτῆς
1163 822 1243 865 δύο
1275 823 1367 877 εἴδη
1397 823 1446 865 τό
1476 838 1524 865 τε
1552 839 1659 878 προ-

189 904 418 957 ειρημένον
447 903 522 942 καὶ
553 898 574 943 ὁ
605 900 874 954 καλούμενος
912 898 1066 955 ἀστὴρ,
1095 900 1327 956 πλακώδης
1358 900 1419 944 ὢν
1449 905 1524 943 καὶ
1551 917 1660 943 πυκ-

190 980 262 1028 νός
292 997 328 1021 κ.
359 995 394 1020 τ.
425 980 461 1021 λ.
521 978 702 1019 Tantum
733 979 861 1033 igitur
893 978 1014 1019 abest
1044 984 1090 1019 ut
1120 983 1234 1019 aster
1265 979 1500 1031 ,candidus‘
1545 980 1659 1020 solus

192 1057 333 1098 vocari
364 1060 493 1111 queat
522 1060 568 1097 ut
599 1056 815 1110 collyrium
834 1056 1053 1097 candidius
1086 1057 1212 1097 etiam
1233 1057 1479 1111 appelletur.
1511 1058 1660 1112 Neque

189 1134 434 1187 ,lenissima‘
466 1138 530 1174 est
576 1146 683 1188 quae
725 1134 844 1187 μάλα
884 1132 1058 1189 ἐλαφρά
1095 1134 1246 1176 dicitur
1283 1135 1358 1176 sed
1407 1135 1660 1187 ,levissima‘.

193 1212 392 1268 Sequitur
422 1211 507 1267 legi
537 1211 717 1252 debere:

244 1328 297 1332 —
329 1316 378 1343 ac
408 1306 602 1343 levissima
627 1306 649 1343 l.
681 1306 895 1354 qlzetizeosa,
927 1307 1054 1343 altera
1072 1305 1316 1353 qlaebosior;
1349 1307 1528 1344 candida
1552 1311 1662 1344 utra-

246 1394 344 1432 qeee‚·
381 1395 416 1422 u.
449 1384 472 1420 l.
503 1380 629 1422 Initio
663 1384 740 1421 duo
772 1381 897 1422 scribi
927 1381 1052 1422 malo.

576 1497 666 1543 195
689 1498 920 1552 Ξ17,5ῖ.
977 1494 1064 1552 (de
1105 1499 1282 1554 creta).
1692 1506 1773 1550 788

258 1599 319 1632 ex
356 1583 414 1632 iis
453 1582 686 1633 Cimoliae
724 1582 820 1632 [luo
858 1582 920 1631 ad
955 1582 1176 1632 medicos
1216 1583 1515 1646 pertinentia.

302 1682 546 1738 Nusquam,
591 1688 794 1738 quantum
837 1682 1004 1722 memini
1050 1681 1334 1723 medicamina
1371 1681 1425 1723 ad
1454 1682 1663 1735 homines,

191 1774 361 1816 semper
406 1761 461 1802 ad
506 1766 639 1802 artem
684 1761 944 1813 referuntur,
990 1774 1119 1811 quare
1159 1760 1226 1801 hic
1264 1760 1515 1802 vocabulum
1546 1776 1663 1803 usus

190 1845 288 1894 post
317 1839 534 1891 ,medicos‘
564 1839 773 1880 excidisse
804 1838 998 1881 arbitror.

755 1949 925 2012 2004Σ
949 1951 1104 2007 18,58.
1690 1958 1771 2001 789

255 2035 420 2087 Talem
478 2037 524 2086 in
587 2042 771 2087 catasta
833 2037 1001 2086 videre
1047 2036 1423 2102 Chrysogonum
1480 2037 1661 2098 Sullae,

253 2125 586 2191 Amphionem
626 2124 679 2186 Q.
720 2124 897 2184 Catuli,
935 2130 1175 2175 rectorem
1212 2124 1264 2174 L.
1301 2124 1518 2186 Luculli,
1566 2127 1662 2177 De-

254 2214 476 2262 metrium
511 2212 735 2278 Pompeii
771 2212 856 2262 rel.

290 2312 429 2360 Quum
461 2319 603 2354 cetera
627 2313 800 2354 nomina
831 2326 1046 2354 servorum
1074 2313 1246 2368 propria
1276 2313 1359 2355 sint
1390 2314 1544 2367 omnia,
1576 2314 1659 2355 Lu-

188 2391 285 2432 culli
316 2404 462 2431 servus
502 2391 758 2447 appellativo
806 2391 1019 2446 designari
1050 2405 1134 2432 non
1174 2393 1331 2447 potuit,
1376 2406 1501 2447 quam
1532 2393 1661 2434 licen-

186 2470 288 2510 tiam
326 2469 418 2510 looo
448 2468 653 2511 XXVIII.
685 2470 738 2512 56
779 2469 1057 2525 Dalecampio
1106 2476 1338 2524 praeeunte
1372 2471 1457 2512 Sill.
1503 2471 1659 2512 frustra

187 2561 392 2588 excusare
432 2554 608 2589 conatus
649 2552 734 2600 est,
781 2548 854 2589 sed
898 2561 921 2589 e
953 2548 1085 2589 servis
1130 2549 1449 2603 potentissimus
1492 2550 1658 2590 notissi-

185 2639 364 2681 musque
395 2626 601 2667 nominari
633 2626 790 2667 debuit.
849 2626 986 2679 Quod,
1031 2640 1139 2681 quae
1169 2627 1247 2668 fuit
1279 2628 1493 2668 servilium
1524 2629 1657 2668 nomi-

186 2717 285 2745 num
317 2704 447 2757 ratio,
497 2704 622 2746 facile
659 2706 954 2758 restituemus,
999 2718 1092 2746 cum
1140 2719 1225 2746 una
1268 2706 1454 2747 litterula
1497 2712 1657 2747 mutata

185 2782 499 2837 scripserimus:
552 2786 760 2824 Hectorem
791 2786 834 2824 L.
867 2785 1030 2825 Luculli.
1075 2784 1112 2838 ἓ.
1145 2784 1224 2828 201
1257 2785 1499 2827 coniectura
1530 2793 1649 2826 vetus
