1914 3237
0 189 6 257 ι

0 263 5 351 Ι

0 355 5 487 2

0 625 3 696 γ

0 704 3 790 1

0 795 3 981 ἰ

768 144 899 187 Liber
931 145 1014 186 VI.
1548 143 1626 182 117

221 268 441 332 Memphi
473 268 520 315 in
549 268 765 332 Aegypti
795 268 893 314 situ
923 267 1150 327 diximus,
1188 269 1376 314 Arabas
1411 264 1626 314 condito—

219 375 303 405 res
335 359 531 405 habere.
592 358 718 406 Sunt
749 365 798 404 et
828 356 910 421 qui
941 357 1225 404 ulteriorem
1248 357 1401 421 ripam
1425 356 1625 405 Aethio-

218 450 328 513 piae
368 448 591 496 auferant
635 448 991 511 adnectantque
1034 446 1261 505 Africae3
1309 447 1479 510 ripas
1526 462 1623 493 au—

216 545 331 585 tem
362 537 684 586 incoluere
721 545 975 603 propter
1012 553 1237 601 aquam.
1309 536 1411 584 Nos
1452 536 1623 583 relicto

214 628 392 692 cuique
432 628 731 693 intelligendi
763 628 964 677 arbitrio
1014 627 1194 692 oppida
1233 643 1328 690 quo
1366 624 1624 672 traduntur

215 717 386 766 ordine
423 720 665 784 utrimque
701 737 956 785 ponemus.

256 831 363 872 Iuba
393 846 524 886 quum
553 832 730 873 Arabas
763 846 904 888 usque
935 832 990 872 ad
1021 831 1207 871 Meroen
1238 828 1324 870 Nili
1350 829 1472 883 ripas
1505 827 1623 868 inha-

146 909 314 949 bitasse
363 909 608 959 retulisset,
661 910 732 951 alii
780 911 909 951 etiam
949 908 1061 949 ultra
1101 907 1287 948 Meroen
1324 920 1403 948 eos
1445 906 1622 947 extendi

146 988 396 1029 tradebant.
467 987 560 1027 1100
597 989 709 1028 enim
748 988 849 1028 dicit
880 986 1067 1037 Plinius,
1106 999 1250 1040 neque
1281 986 1536 1026 ulteriorem
1567 984 1622 1024 ri-

145 1078 261 1117 pam,
291 1065 406 1119 quod
439 1066 676 1105 arbitratur
708 1065 975 1114 Harduinus,
1006 1062 1276 1112 orientalem,
1307 1063 1388 1103 sed
1420 1062 1622 1104 meridio-

142 1142 286 1183 nalem
316 1143 496 1198 intelligi
522 1143 674 1187 voluit.
722 1146 848 1191 Quae
875 1150 1020 1184 autem
1047 1149 1306 1196 sequuntur,
1338 1148 1381 1182 et
1399 1149 1502 1195 apto
1519 1142 1621 1182 sub-

143 1222 257 1263 iecto
290 1231 447 1262 carent
477 1223 641 1274 (causa
673 1222 783 1261 enim
812 1220 1037 1261 afferenda
1067 1226 1177 1269 erat,
1211 1232 1290 1259 cur
1310 1218 1486 1259 Arabes
1508 1219 1622 1259 inter

142 1300 336 1355 Aegypti
377 1308 418 1341 et
463 1298 729 1353 Aethiopiae
767 1298 877 1339 fines
908 1297 1190 1350 habitarent)
1233 1304 1276 1337 et
1306 1309 1360 1337 eo
1391 1310 1478 1351 quo
1506 1310 1622 1337 nune

140 1378 344 1431 leguntur
381 1378 482 1420 loco
521 1393 709 1433 prorsus
747 1379 892 1419 otiosa
930 1385 974 1419 et
1020 1376 1208 1417 molesta
1256 1376 1461 1417 videntur
1505 1388 1620 1417 esse.

143 1458 291 1498 Possit
320 1458 451 1511 igitur
478 1457 634 1513 aliquis
672 1471 753 1512 pro
783 1457 1068 1499 annotatione
1097 1455 1279 1508 habere,
1311 1467 1441 1509 quam
1469 1452 1622 1494 scriba

136 1550 226 1576 non
262 1537 464 1577 indoctus
496 1537 678 1591 margini
716 1535 968 1589 appinxerit
1007 1535 1101 1575 sive
1141 1533 1238 1587 ipse
1268 1539 1424 1573 auctor
1459 1538 1619 1584 postea

138 1615 180 1654 in
209 1615 408 1669 margine
438 1616 676 1657 addiderit:
707 1629 860 1655 verum
891 1613 1057 1654 leniore
1088 1612 1284 1653 remedio
1316 1618 1618 1664 transponun-

139 1702 208 1732 tur
240 1693 280 1732 in
312 1694 557 1746 proximum
584 1708 779 1743 sensum,
810 1701 856 1734 ut
888 1700 1069 1747 propter
1099 1704 1257 1746 aquam
1277 1690 1455 1731 Arabas
1486 1702 1616 1731 acco-

138 1771 205 1811 las
236 1770 319 1810 Nili
358 1770 507 1812 factos
547 1785 651 1812 esse
682 1771 913 1812 tradiderit
945 1769 1121 1810 Plinius.
1195 1769 1455 1809 Infinitivum
1487 1781 1615 1822 quem

136 1849 234 1889 cod.
268 1849 293 1888 d
325 1849 504 1890 exhibet
536 1848 737 1901 incolere,
768 1847 1068 1903 praeferrem,
1109 1848 1193 1888 nisi
1225 1846 1475 1901 perfectum
1509 1852 1614 1886 tem-

138 1941 222 1983 pus
255 1927 596 1968 desideraretur.
655 1927 808 1981 Itaque
844 1926 986 1967 locuni
1026 1926 1091 1967 sic
1122 1925 1477 1979 distinguendum
1508 1938 1613 1966 esse

138 2007 366 2047 existimo:

193 2084 367 2126 Arabas
393 2084 637 2124 conditores
666 2082 844 2124 habere:
878 2084 995 2139 ripas
1023 2089 1168 2123 autem
1198 2082 1415 2123 incoluere
1442 2088 1614 2138 propter

193 2178 366 2224 aquam.
434 2162 549 2205 Sunt
577 2168 618 2202 et
649 2162 728 2203 rel.

696 2296 791 2344 182
811 2315 861 2337 =
879 2295 959 2356 29,
974 2295 1053 2343 35.
1639 2310 1718 2353 144

203 2399 618 2462 (Petronius)
653 2396 859 2460 diripuit.
887 2403 935 2443 et
952 2395 1156 2460 Napata.
1187 2395 1498 2460 Longissime
1528 2411 1610 2443 au-

206 2498 305 2536 tem
336 2504 364 2534 a
396 2487 562 2551 Syene
595 2501 887 2551 progressus
920 2492 994 2533 est
1023 2485 1398 2533 DCCCCLXX
1419 2485 1515 2532 mil.
1534 2502 1610 2549 p.;

204 2596 297 2627 nec
327 2586 488 2625 tamen
520 2594 652 2625 arma
681 2577 900 2624 Romana
930 2575 997 2623 ibi
1027 2575 1337 2623 solitudinem
1369 2575 1608 2624 fecerunt.

205 2668 563 2734 Aegyptiorum
594 2667 733 2715 bellis
763 2667 925 2715 attrita
960 2673 1036 2715 est
1063 2666 1326 2730 Aethiopia
1353 2671 1434 2714 rel.

252 2781 351 2823 Non
381 2780 595 2824 Romanis
627 2779 783 2831 armis,
819 2779 902 2821 sed
932 2778 1221 2834 Aegyptiacis
1253 2777 1532 2821 solitudinem
1566 2776 1609 2818 in
