1914 3237
264 149 344 191 144
850 152 968 190 Liber
997 152 1085 190 XX
1093 152 1156 192 1⁷1.

262 279 333 320 ubi
379 294 414 320 v.
447 284 630 330 quoniam
676 281 878 335 proximis
918 281 1067 322 litteris
1108 295 1182 332 que
1218 281 1461 334 absorptum
1512 283 1612 333 fuit,
1670 286 1726 326 ita

262 359 417 412 optime
448 357 608 398 finitur:

315 439 439 485 aliqui
468 439 607 475 lsoetes
635 444 683 475 el
711 440 949 477 simililer
977 440 1166 492 sedum,
1198 441 1366 487 ale'qui
1396 442 1552 479 aizoum
1580 448 1725 480 ulrum-

315 528 400 565 φα),
432 517 616 564 quoniam
647 519 773 554 vireat
791 528 962 565 semper,
991 528 1096 565 semp
1108 520 1212 554 ervi
1223 529 1335 555 vum.

368 590 487 638 Quae
518 591 628 632 enim
660 592 700 632 in
730 592 774 632 a²
805 591 1001 632 inseritur
1031 595 1154 641 alique·
1183 593 1385 632 correctio
1418 592 1470 633 ad
1499 608 1534 635 v.
1566 601 1632 644 qm'
1664 609 1725 635 re-

259 669 401 711 fertur.

367 746 590 787 Proximus
622 759 771 786 sensus
803 752 900 786 ante
929 745 1015 786 Sill.
1048 745 1312 787 emendatius
1345 748 1618 789 scribebatur.

366 826 404 879 8.
443 825 510 868 161
548 828 680 876 palmo
719 824 761 864 in
789 828 959 874 palmum
999 823 1294 878 corrigendum
1341 830 1451 877 erat,
1493 833 1538 867 ut
1569 825 1724 868 factum

259 907 323 943 est
352 901 512 942 XXVI.
546 902 611 944 39.

370 984 405 1031 8.
445 980 518 1022 168
547 979 670 1034 lego:
703 981 861 1020 roboris
890 983 962 1019 sed
991 983 1172 1031 minora3
1203 980 1239 1034 8.
1280 981 1350 1024 171
1382 987 1561 1023 ιτα-Ιὶίυν.

148 1069 229 1114 548
805 1060 895 1106 172
919 1085 960 1103 =
985 1062 1170 1115 13,109.

323 1146 528 1195 alterurn
574 1145 854 1206 (ranunculi
889 1152 1077 1209 genus)
1122 1184 1130 1194 .
1170 1185 1179 1194 .
1215 1146 1323 1195 altis
1361 1146 1580 1196 caulibus

162 1217 200 1247 ‘
369 1238 487 1274 alitus
517 1233 554 1273 V
575 1233 640 1286 R,
671 1238 789 1274 allius
820 1246 844 1273 a
874 1233 900 1274 d
931 1233 1041 1288 quod
1072 1234 1200 1288 recipi
1233 1240 1427 1288 oportere
1454 1235 1580 1276 verbo
1599 1235 1721 1276 Dios-

259 1311 412 1352 coridis
447 1313 493 1353 ll.
526 1311 606 1355 ‘206
634 1312 1046 1367 μακροκαυλότερον
1077 1310 1403 1352 demonstratur.

817 1453 974 1502 MBER
1026 1453 1165 1502 XXVI.

368 1566 403 1620 8.
446 1566 575 1608 1-20
636 1565 676 1605 in
730 1563 1059 1605 chrestomathia
1105 1578 1143 1618 p.
1183 1564 1261 1606 241
1307 1578 1382 1620 sqq
1440 1566 1724 1607 tractavimus.

256 1646 292 1698 8.
324 1644 377 1686 24
407 1642 520 1684 haud
552 1642 677 1683 dubie
710 1645 985 1694 circumfussa,
1016 1647 1062 1682 ut
1092 1642 1218 1697 vulgo
1250 1648 1348 1683 ante
1371 1642 1456 1684 Sill.
1489 1644 1589 1695 lan,
1624 1645 1724 1685 scri-

257 1721 440 1763 bendum
474 1725 550 1761 cst.
582 1720 740 1761 Plinius
772 1720 882 1760 enini
923 1719 974 1760 de
1004 1724 1193 1774 tempore
1224 1720 1428 1776 loquitur,
1469 1735 1551 1777 quo
1582 1722 1725 1776 planta

258 1799 413 1840 effossa
445 1804 546 1840 erat.
579 1798 615 1853 8.
647 1798 700 1841 28
731 1798 872 1839 nescio
905 1797 1051 1853 quidni
1076 1797 1266 1839 codicum
1297 1799 1502 1853 scriptura
1532 1803 1723 1840 drachma

254 1881 444 1929 ponderis
483 1881 654 1931 recepta
698 1877 773 1928 sit,
821 1875 870 1917 cf.
902 1875 978 1916 XI.
1011 1877 1101 1917 184.
1160 1875 1197 1930 8.
1228 1876 1283 1918 40
1311 1877 1438 1916 Ianus
1476 1877 1725 1931 scripturam

257 1955 457 1996 librorum
495 1958 657 2007 sillybns
686 1959 800 1995 recte
832 1958 1000 1995 secutus
1045 1957 1130 2005 est,
1182 1954 1330 1994 vellem
1371 1954 1496 1995 etiam
1535 1958 1728 1996 densatur

259 2047 312 2074 ex
343 2033 511 2088 optimis
543 2033 658 2073 libris
690 2032 943 2086 scripsisset,
975 2045 1056 2086 quo
1087 2030 1310 2072 verborum
1332 2030 1494 2072 facilior
1519 2037 1728 2075 structura

259 2111 519 2152 redderetur.
560 2112 596 2165 8.
627 2110 681 2152 42
711 2113 885 2160 (semines
914 2109 1165 2164 scripserim.

149 2222 231 2266 549
861 2202 921 2247 47
943 2223 985 2240 ·--
1005 2201 1133 2257 8,3().

326 2288 389 2338 Et
425 2288 602 2338 ladano
641 2287 824 2337 sistitur
857 2287 999 2336 alvus
1038 2291 1256 2351 utroque,
1294 2286 1426 2350 quod
1463 2287 1508 2335 in
1546 2287 1729 2351 segeti-

322 2377 413 2426 bus
446 2377 674 2426 nascitur.

371 2465 593 2506 Ladanum
624 2479 846 2520 caprarum
889 2463 1028 2504 barbis
1061 2463 1252 2518 villisque
1294 2463 1591 2503 inhaerescens
1621 2463 1728 2503 inter

261 2553 427 2599 segetes
468 2544 580 2585 nullo
620 2543 744 2584 modo
784 2542 900 2584 nasci
947 2542 1094 2596 potuit.
1154 2543 1286 2582 Immo
1335 2540 1476 2581 frutex
1523 2541 1633 2582 κατὰ
1673 2542 1726 2581 τὰ

261 2621 374 2665 αὐτὰ
424 2622 644 2676 φυόμενος
687 2625 746 2678 τῷ
792 2626 920 2677 xio-cap
961 2619 1198 2674 appellatur
1244 2632 1269 2659 a
1309 2617 1557 2659 Dioscoride
1586 2619 1615 2660 1.
1651 2621 1728 2660 123

261 2701 422 2741 scilicet
450 2696 498 2741 ἐν
527 2698 768 2754 πετρώδεσι
812 2699 964 2747 τόποις
995 2698 1049 2739 ib.
1079 2697 1178 2748 125,
1216 2698 1257 2737 in
1283 2699 1526 2737 silvestribus
1556 2705 1592 2736 el
1623 2710 1727 2737 mon-

261 2784 396 2831 tuosis,
429 2784 472 2818 ut
500 2778 715 2832 clymenus
746 2776 859 2832 apud
876 2777 980 2818 Plin.
1005 2776 1142 2818 XXV.
1173 2776 1238 2818 70.
1268 2776 1409 2828 Atque
1442 2788 1525 2815 non
1559 2780 1727 2829 segetes
