1914 3237
725 194 844 233 Liber
875 193 996 233 XIX.
1416 161 1419 165 ’
1523 189 1577 232 77

113 326 227 364 rent:
259 335 358 363 nam
388 321 466 362 etsi
495 320 611 376 pulte
640 333 723 360 non
755 331 865 374 pane
897 319 966 359 diu
996 319 1244 371 utebantur,
1288 318 1336 360 cf.
1365 318 1501 360 Varro
1531 319 1576 360 L.

117 400 164 441 L.
195 400 246 440 V.
278 400 356 442 105
388 403 428 439 et
456 398 618 438 Plinius
649 395 806 437 XVIII.
839 397 920 448 83,
962 395 1013 436 ad
1067 395 1362 450 compendium
1409 395 1578 450 quidem

116 477 217 518 nihil
248 478 471 528 intererat,
510 478 649 515 utrum
680 474 801 529 panis
843 487 894 514 an
925 473 1052 528 pultis
1092 473 1346 514 desiderium
1379 478 1577 514 oreretur.

115 557 172 596 At
200 567 400 609 magnum
431 553 540 593 inter
574 565 625 593 ea
655 552 814 592 olerum
845 564 1002 606 genera
1034 550 1260 591 discrimen
1289 550 1581 592 intercedebat

115 644 223 686 quae
252 630 463 671 Venerem
494 629 736 680 stimulant,
781 642 1033 683 asparagos,
1064 628 1297 683 raphanos,
1327 641 1432 682 rapa
1473 628 1579 681 dico,

115 721 306 763 quaeque
345 721 438 750 eam
479 712 550 748 aut
585 707 775 748 inhibent
821 712 894 747 aut
932 720 1016 747 non
1055 706 1282 748 concitant.
1342 705 1580 747 Audaciore

114 791 255 827 tamen
292 786 474 827 Pintiani
516 786 759 826 coniectura
808 788 959 825 venetis
1000 789 1064 824 est
1110 797 1237 838 quam
1279 796 1386 838 quae
1430 783 1582 838 probe-

115 869 203 905 tur:
234 863 398 905 facilius
430 869 483 917 et,
514 864 594 904 nisi
623 862 758 915 fallor,
791 862 1026 917 elegantius
1058 864 1296 902 desiderium
1325 875 1400 916 per
1431 875 1476 902 se
1508 876 1581 917 po-

116 943 240 983 situm
278 940 557 995 intelligetur,
596 944 642 980 ut
681 940 794 995 apud
832 939 1058 981 Horatium
1101 939 1222 994 epod.
1256 940 1319 982 17.
1351 939 1425 992 80,
1471 939 1583 995 quod

117 1019 402 1075 dittographia
431 1018 611 1073 proximi
654 1018 848 1059 vocabuli
879 1022 1142 1073 corruptum,
1186 1022 1276 1059 tum
1324 1030 1455 1072 prava
1495 1031 1584 1058 cor-

116 1099 304 1140 rectione
333 1096 633 1151 interpolatum
665 1102 740 1137 est.
791 1095 1042 1151 Legendum
1071 1096 1198 1151 igitur
1229 1109 1322 1137 esse
1355 1110 1529 1137 censeo:

225 1184 262 1218 et
284 1188 387 1228 quae
413 1179 566 1216 minime
596 1178 857 1215 accenderem
876 1177 1128 1215 desiderium.
1162 1178 1264 1215 Pars
1293 1174 1365 1215 rel.

725 1287 782 1333 61
804 1299 858 1319 =
875 1287 998 1341 422.
1616 1309 1696 1355 395

189 1373 440 1435 Quaedam
488 1373 648 1421 iacent
697 1376 1046 1435 crescuntque,
1105 1376 1154 1420 ut
1207 1372 1488 1422 cucurbitae
1540 1378 1587 1422 et

187 1462 429 1522 cucumis;
467 1461 640 1510 eadem
676 1460 893 1525 pendent
929 1458 1014 1508 rel.

228 1549 363 1591 Recte
405 1550 612 1604 Apuleius
659 1548 916 1603 singularem
960 1550 1170 1589 cueztruz'la
1214 1547 1240 1588 i.
1289 1560 1322 1589 e.
1371 1548 1589 1589 cucurbita

121 1629 302 1684 scripsit,
333 1628 403 1683 qui
435 1627 566 1668 altero
597 1626 803 1667 vocabulo
836 1626 1116 1667 confirmatur.
1175 1625 1355 1666 Pluralis
1387 1639 1440 1666 ex
1469 1626 1587 1668 initio

119 1706 234 1747 vocis
278 1713 314 1746 el
351 1705 518 1760 prodiit.
577 1705 614 1759 ἓ.
646 1705 699 1748 64
742 1695 869 1745 Ianus
902 1704 1010 1744 bene
1048 1706 1253 1744 olitoribus
1297 1717 1382 1744 non
1422 1708 1591 1746 olitorz'is

120 1784 224 1839 legit
255 1797 276 1824 e
308 1783 536 1836 codicibus,
596 1783 845 1838 quibuscum
877 1782 1086 1823 consentit
1115 1781 1335 1836 Apuleius,
1381 1781 1432 1822 cf.
1466 1781 1589 1823 Colu-

121 1862 248 1903 mella
275 1861 351 1904 XI.
377 1862 401 1904 3
431 1876 469 1916 p.
487 1861 567 1904 461
601 1860 665 1902 ed.
686 1861 780 1916 Bip.
810 1862 858 1901 In
888 1860 1080 1915 proximo
1113 1873 1240 1900 sensu
1272 1873 1366 1901 cum
1395 1861 1589 1902 Pintiano

123 1944 165 1982 et
196 1938 454 1981 Schneidero
485 1939 712 1994 legendum
742 1943 806 1980 est
836 1946 906 1979 aut
934 1942 1071 1980 mulsa.

403 2046 673 2100 67:523.
717 2042 806 2102 (de
840 2041 1029 2091 cucunii
1066 2039 1303 2105 loquitur)

198 2162 238 2166 >-
269 2145 400 2180 nova
434 2130 587 2180 forma
626 2145 793 2180 eorum
829 2131 877 2179 in
917 2129 1179 2195 Campania
1214 2130 1442 2195 provenit
1475 2129 1592 2178 mali

191 2218 386 2269 cotonei
423 2218 585 2283 effigie
625 2248 680 2254 -

205 2306 317 2348 Infra
346 2310 516 2347 colorem
547 2309 869 2358 commemorat,
910 2318 1040 2359 quare
1072 2319 1124 2346 ex
1153 2304 1335 2360 Apuleio
1366 2305 1595 2347 inserenda

1621 2089 1702 2133 396

125 2384 322 2426 videntur
348 2384 480 2426 verba
509 2388 642 2426 colore
672 2397 810 2425 aureo.

420 2465 693 2520 71:524.
740 2462 830 2523 (de
867 2461 1129 2511 cucurbitis
1167 2461 1290 2527 agit)
1623 2486 1703 2531 397

193 2550 372 2600 Cortex
405 2550 549 2599 viridi
583 2555 747 2615 tener3
799 2550 1045 2599 deraditur
1081 2548 1393 2599 nihilominus
1438 2550 1487 2598 in
1527 2551 1594 2600 ci-

192 2639 282 2688 bis,
353 2638 499 2688 Cibus
535 2637 732 2688 saluber
779 2653 837 2688 ac
872 2637 996 2687 levis
1032 2637 1251 2703 pluribus
1284 2638 1475 2697 modiS,
1533 2655 1594 2688 ex

194 2725 270 2776 his
305 2732 466 2776 tamen
504 2727 585 2790 qui
621 2726 789 2791 perfici
824 2725 1036 2776 humano
1076 2731 1245 2775 ventre
1279 2741 1376 2776 non
1413 2732 1595 2792 queant

193 2814 285 2865 sed
320 2815 661 2865 intumescant.
