1914 3237
720 161 851 204 Liber
878 163 951 204 11.
1519 162 1574 205 33

94 286 232 343 ipsius
267 286 391 328 Plinii
426 298 528 327 esse
558 284 764 327 arbitror.
830 284 976 331 Quum
1006 285 1121 326 enim
1155 285 1368 328 Ciconum
1408 286 1572 330 flumen

94 365 229 407 multo
253 365 395 406 minus
423 370 571 405 notum
603 375 733 418 quam
747 361 939 403 Silarum
956 364 1186 405 nominare
1216 365 1328 406 satis
1352 365 1571 415 habuerit,

94 444 241 487 Silaro
271 442 405 484 fluvio
434 442 548 483 inter
576 441 713 482 Italos
742 439 1036 484 celeberrimo
1063 442 1138 484 vix
1175 443 1348 485 videtur
1376 445 1571 499 ineptam

94 523 205 565 situs
233 521 574 576 descriptionem
605 520 849 571 addidisse,
879 534 1009 576 quum
1040 534 1066 562 a
1098 521 1313 563 Surrento
1343 523 1452 563 urbe
1483 537 1570 565 ma-

92 615 180 658 gno
211 600 442 642 intervallo
475 599 645 641 Silarus
674 599 819 641 distet.
872 598 1054 641 Ferrem
1086 600 1124 641 si
1151 599 1270 640 ultra
1284 598 1492 642 Salernos
1510 602 1570 643 le-

92 688 286 737 geretur,
317 679 437 719 ultra
475 677 740 720 Surrentum
769 677 999 719 ferendum
1032 691 1136 720 esse
1166 692 1298 733 negO,
1329 680 1447 734 quod
1477 686 1569 722 toto

93 759 418 801 Picentinorum
448 772 556 813 agro
589 772 616 799 a
647 756 791 800 Silaro
825 757 1186 808 discernebatur,
1221 757 1277 799 cf.
1302 759 1369 800 111.
1391 759 1458 802 70.

206 863 243 916 §.
273 859 366 902 231.
408 874 498 901 non
528 858 721 913 intelligo
753 872 831 900 cur
864 866 907 900 et
936 858 1130 913 Silligius
1177 865 1218 900 et
1247 860 1378 901 Ianus
1416 860 1571 902 facilli-

92 953 206 982 mam
253 939 605 980 emendationem
651 938 880 981 Welckeri
927 938 982 978 ad
1028 937 1234 982 Philostr.
1276 954 1317 994 p.
1344 938 1440 980 356.
1479 939 1571 981 dies

90 1017 369 1061 Θεοδαίσια
400 1018 665 1071 spreverint,
698 1031 796 1059 cum
817 1026 860 1058 et
890 1016 1016 1059 codd.
1036 1016 1120 1059 AR
1137 1016 1230 1059 dies
1260 1016 1498 1060 exhibeant
1526 1025 1570 1060 et

90 1095 308 1138 theoda-sia
334 1096 452 1150 apud
484 1095 728 1137 Robertum
758 1096 944 1151 legatur.

516 1221 616 1269 237
637 1227 686 1270 et
708 1221 805 1268 238
825 1242 877 1264 =
896 1219 1010 1282 106,
1034 1221 1146 1268 110.

154 1324 369 1388 Campus
404 1322 707 1388 Babyloniae
741 1322 915 1387 flagrat
951 1321 1158 1386 quadam
1197 1323 1346 1371 veluti
1379 1324 1569 1389 piscina

155 1414 315 1479 iugeri
351 1414 706 1478 magnitudine,
755 1412 1055 1477 Aethiopum
1089 1413 1227 1462 iuxta
1260 1414 1567 1480 Hesperium

155 1512 369 1554 montem
405 1506 656 1553 stellarum
693 1504 838 1553 modo
873 1504 1031 1568 campi
1053 1514 1229 1566 noctu3
1265 1506 1488 1557 similiter
1517 1509 1567 1557 in

154 1596 676 1662 Megalopolitanorum
714 1612 847 1660 agro,
884 1595 1129 1643 tametsi
1164 1595 1449 1646 internus
1486 1599 1567 1649 sit

154 1687 286 1747 ille,
317 1686 558 1735 iucundus
577 1686 898 1750 frondemque
928 1684 1067 1733 densi
1091 1702 1241 1750 supra
1268 1705 1322 1736 se
1346 1690 1564 1738 nemoris

155 1794 251 1826 non
263 1777 492 1825 adurens.
504 1776 580 1824 Et
597 1776 734 1825 iuxta
749 1775 876 1840 gelid
884 1792 961 1823 um
975 1775 1155 1823 sontem
1174 1794 1372 1842 semper
1386 1781 1564 1830 ardens

153 1866 430 1933 Nymphaei
467 1872 628 1914 crater
664 1865 772 1915 dira
803 1865 1126 1931 Apolloniatis
1164 1867 1265 1916 suis
1298 1872 1563 1935 portendit,

153 1964 207 2006 ut
238 1958 592 2022 Theopompus
620 1956 846 2017 tradidit3
883 1962 1089 2021 augetur
1123 1957 1359 2009 imbribus
1387 1963 1562 2027 egerit-

152 2066 248 2114 que
291 2048 509 2097 bitumen
552 2047 925 2114 temperandum
969 2047 1105 2096 fonte
1150 2048 1231 2099 illo
1268 2051 1562 2118 ingustabili,

152 2139 270 2197 alias
307 2139 435 2188 omni
471 2139 705 2188 bitumine
742 2138 958 2187 dilutius.

196 2261 304 2304 Cum
334 2263 462 2314 lano,
507 2262 633 2304 cuius
666 2260 1021 2302 dissertationem
1061 2276 1179 2305 nunc
1208 2265 1433 2321 inspicere
1471 2284 1562 2313 non

83 2341 206 2391 licet,
236 2341 338 2382 mihi
358 2341 513 2383 videor
543 2339 812 2388 consentire,
846 2339 945 2380 dum
967 2342 1140 2384 scribo:
1173 2345 1219 2384 in
1239 2346 1562 2404 Meqalopolita.

85 2433 241 2460 norum
271 2434 384 2476 aqro.
439 2420 574 2460 Nam
603 2418 650 2459 si
676 2418 970 2460 intermisit
998 2420 1071 2462 ille
1096 2422 1314 2465 iucundus
1341 2423 1561 2481 frondem-

86 2511 170 2558 que
190 2495 315 2537 densi
330 2510 463 2552 supra
492 2511 537 2537 se
555 2497 743 2538 nemoris
761 2512 849 2537 non
878 2497 1071 2540 adurens
1100 2507 1147 2542 et
1173 2503 1299 2543 iuxta
1331 2506 1562 2561 egelidum

84 2571 247 2631 fontem
276 2589 442 2631 semper
471 2575 633 2616 ardens
666 2575 919 2632 IVymphaei
946 2584 1116 2631 crater,
1148 2579 1248 2621 dira
1276 2582 1563 2638 Apolloniatis

84 2654 175 2694 suis
214 2653 447 2709 portendit.
522 2655 764 2710 Postquam
804 2655 916 2697 enim
959 2656 1104 2699 locum
1145 2674 1188 2701 το
1218 2659 1355 2711 Βύξνος
1398 2663 1561 2706 dietum

87 2730 169 2785 (cf.
184 2731 574 2789 Paus.V111.29.1)
593 2734 803 2775 indicavit
822 2734 1001 2789 Plinius,
1029 2737 1083 2779 de
1101 2737 1365 2794 Nymphaeo
1383 2742 1562 2786 uberius

87 2807 277 2865 loquitur
309 2813 569 2856 transitione
600 2827 683 2869 pro
719 2827 841 2856 more
868 2827 950 2856 suo
983 2828 1011 2857 a
1038 2830 1077 2858 v.
1107 2832 1210 2859 nam
1240 2819 1387 2872 facta,
1429 2830 1563 2879 atque

1258 2897 1285 2939 3

1592 1229 1648 1272 44
