1914 3237
271 177 326 219 88
867 178 984 217 Liber
1011 179 1132 219 XIX.

382 308 474 355 Quo
506 322 735 362 pronomen
767 312 869 350 hanc
898 308 1123 360 referatur,
1166 309 1331 360 nescio,
1373 322 1508 364 neque
1539 312 1647 350 enim
1679 309 1732 350 ad

273 386 415 426 caules
454 399 591 440 neque
636 385 689 426 ad
727 399 917 429 racemos
948 387 1130 441 pertinet
1179 391 1219 426 et
1257 400 1310 427 ne
1341 386 1516 427 ferulam
1565 386 1732 442 quidem

273 463 459 504 indicare
490 467 642 518 potest,
673 466 826 520 quippe
857 464 974 505 cuius
1006 463 1088 504 duo
1107 477 1265 519 genera
1280 477 1374 504 esse
1394 463 1598 506 dicantur.
1627 465 1733 505 Tum
1774 462 1777 465 ”

273 541 344 582 illa
368 555 525 596 genera
553 541 669 583 XIII.
703 542 781 586 123
813 545 1003 583 nartheca
1033 546 1075 583 et
1104 544 1361 594 narthecyam
1390 546 1626 593 vocaverat,
1657 542 1734 583 ita-

274 632 354 673 que
384 632 520 673 neque
551 620 692 660 caules
724 633 802 661 nec
820 620 975 660 racemi
995 619 1213 660 commode
1233 619 1557 674 appellarentur,
1589 620 1734 661 etiam·

274 697 308 737 si
340 710 423 738 non
455 695 635 737 absurde
665 710 793 737 unum
837 711 970 752 genus
1003 697 1207 748 caulium,
1251 710 1510 738 racemorum
1561 697 1737 738 alterum

276 775 617 829 distingueretur.
649 774 769 821 Quae
800 788 893 815 cum
923 775 982 815 ita
1012 775 1108 826 sint,
1141 774 1174 814 si
1205 773 1303 829 quid
1327 773 1464 827 video,
1499 775 1740 830 importuna

276 853 392 894 scioli
423 852 685 907 grammatici
727 852 1000 893 annotatione
1029 851 1191 892 Plinius
1222 852 1443 904 liberatur,
1486 866 1579 894 cum
1612 853 1742 895 verba

275 931 347 971 illa
379 929 567 971 eieceris.
627 929 734 970 Tum
766 930 876 971 enim
907 929 1097 971 Italicam
1149 929 1325 971 ferulam
1378 930 1634 985 corymbiam
1667 945 1739 987 ap-

275 1008 405 1063 pellat
435 1008 609 1062 eiusque
654 1008 814 1048 semina
845 1009 1080 1064 corymbos.
1140 1008 1206 1050 De
1239 1022 1321 1064 qua
1365 1007 1501 1050 ferula
1533 1009 1583 1050 cf.
1617 1008 1741 1051 Colu-

276 1086 402 1128 mella
430 1086 526 1126 XII.
556 1086 593 1128 7.

839 1200 930 1246 176
951 1220 1008 1239 ==
1032 1199 1186 1255 10,57.

342 1288 389 1332 et
429 1283 636 1333 ocimum
692 1289 943 1333 senectute
981 1285 1248 1348 degenerat
1292 1284 1338 1332 in
1377 1283 1659 1348 serpyllum,
1697 1289 1744 1334 et

343 1370 652 1435 sisymbrium
710 1372 755 1420 in
794 1377 1027 1430 mentam,
1089 1378 1135 1421 et
1170 1388 1229 1420 ex
1275 1371 1459 1420 semine
1499 1371 1743 1421 brassicae

347 1459 526 1507 veteris
554 1474 669 1524 rapa
691 1460 808 1508 fiunt
827 1489 888 1497 —
910 1465 957 1508 et
981 1465 1180 1509 necatur
1202 1459 1445 1508 cuminum
1464 1459 1523 1508 ab
1545 1459 1746 1509 haemo-

347 1548 484 1597 doro.

388 1634 532 1675 Prima
552 1633 683 1675 verba
713 1634 764 1674 ab
776 1633 897 1683 „Iano
943 1634 1114 1688 egregie
1145 1647 1167 1674 e
1199 1633 1436 1688 corruptela
1466 1633 1656 1674 codicum
1686 1647 1747 1674 se·

168 1236 212 1277 41
222 1233 248 1278 7

279 1726 350 1754 nec
375 1716 593 1763 deqeneral
622 1716 698 1752 {ute
729 1725 753 1752 a
782 1712 848 1752 vel
876 1725 992 1753 senec
1021 1716 1252 1762 (leglenerati
1282 1715 1337 1751 uti
1370 1725 1391 1752 c
1419 1710 1459 1763 d,
1490 1724 1572 1766 qua
1601 1724 1748 1753 omnes

279 1805 333 1833 ex
362 1804 445 1832 uno
477 1790 707 1845 exemplari
739 1789 973 1845 descriptos
1004 1804 1097 1831 esse
1128 1791 1222 1831 luce
1253 1789 1405 1831 clarius
1429 1787 1646 1840 redditur,
1683 1802 1746 1830 re-

281 1868 426 1909 stituta
457 1871 574 1921 sunt3
605 1874 772 1908 mentam
804 1867 890 1908 Sill.
925 1880 946 1907 e
978 1867 1028 1927 V.
1055 1867 1106 1910 D.
1131 1868 1380 1909 coniecturis
1412 1866 1592 1921 scripsit,
1623 1866 1744 1908 sicuti

280 1945 488 2000 Theophr.
519 1944 574 1986 ΙΙ.
604 1946 642 1986 4.
680 1949 689 1986 1
730 1943 789 1994 εἷς
819 1949 985 1998 μκίνθαν
1015 1945 1198 1998 dixerat,
1242 1947 1369 1986 Ianus
1401 1958 1453 1985 ea
1491 1945 1621 1986 verba
1651 1959 1746 1986 eum

280 2024 322 2064 in
353 2007 555 2075 alomitti,
604 2023 645 2063 in
677 2037 698 2064 c
728 2027 975 2072 zonm'nlam,
1021 2023 1062 2063 in
1096 2022 1121 2063 d
1152 2026 1368 2064 zmintlzam
1400 2023 1525 2063 scribi
1557 2022 1743 2063 animad-

279 2104 483 2153 verteret,
536 2101 645 2141 hanc
697 2100 874 2142 formam
930 2114 1098 2142 servare
1155 2100 1324 2152 maluit,
1375 2106 1489 2140 recte
1532 2105 1578 2141 ut
1620 2105 1744 2155 puto:

279 2179 459 2220 fortasse
490 2179 599 2219 enim
639 2179 690 2219 ab
723 2192 771 2219 eo
804 2178 993 2230 librario,
1034 2192 1157 2232 quem
1190 2178 1350 2218 Plinius
1374 2178 1485 2232 ·ipse
1515 2177 1746 2218 adhibebat

280 2258 321 2298 in
331 2256 612 2311 Theophrasti
634 2255 738 2296 libro
753 2260 824 2296 aut
846 2256 1066 2310 legebatur
1096 2261 1169 2297 aut
1189 2255 1438 2296 audiebatur
1457 2254 1516 2304 εἰς
1539 2259 1744 2309 σμίνθαν.

280 2334 479 2375 Proxima
502 2333 631 2375 verba
662 2347 685 2374 a
715 2333 905 2374 Varrone
935 2334 1115 2388 repetita
1145 2338 1255 2385 sunt,
1288 2332 1399 2387 apud
1431 2346 1555 2388 quem
1583 2333 1749 2384 Plinius>

280 2427 406 2468 quum
439 2414 468 2453 Ι.
500 2412 553 2454 40
583 2425 739 2464 ,semen
772 2414 905 2452 vetus‘
952 2417 993 2453 et
1037 2426 1103 2464 ,cx
1141 2412 1300 2452 semine
1346 2411 1559 2451 brassicae
1589 2413 1744 2451 vetere‘

281 2489 551 2544 repperisset,
583 2494 624 2529 et
654 2490 744 2544 ipsc
774 2503 825 2530 ea·
854 2494 996 2530 semme
1027 2493 1231 2555 brassicae
1260 2497 1387 2529 velere
1419 2489 1638 2543 scripsisse
1668 2502 1744 2543 pu-

282 2566 435 2607 tandus
466 2572 541 2608 ost.
574 2568 768 2622 Denique
798 2571 1040 2608 hawmnloro
1072 2567 1182 2622 quod
1196 2566 1282 2608 sill.
1315 2566 1544 2607 ecodicum
1577 2578 1744 2620 corrup-

281 2645 366 2685 tela
396 2649 469 2684 imo
502 2649 620 2686 dorso
653 2649 694 2685 et
724 2658 798 2685 emo
824 2648 944 2685 dorso
984 2645 1192 2699 sagaciter
1230 2644 1391 2695 clicuit,
1432 2643 1575 2684 codice
1607 2642 1742 2683 Theo-

282 2722 439 2777 phrasti
475 2722 590 2763 VIII.
621 2726 657 2765 Η,
690 2724 713 2762 5
749 2722 948 2763 Urbinatc
987 2724 1054 2777 qui
1089 2723 1201 2763 solus
1237 2722 1365 2762 verba
1395 2735 1419 2762 a
1450 2721 1582 2762 Plinio
1611 2726 1742 2761 trans-

281 2800 366 2840 lata
395 2800 558 2854 integra
589 2813 817 2854 vocemque
856 2801 967 2841 illam
1002 2800 1064 2840 bis
1096 2800 1291 2854 scriptam
1324 2799 1517 2851 exhibet,
1562 2803 1646 2839 tam
1677 2799 1743 2838 fir-
