1914 3237
731 150 852 190 Liber
875 151 1081 191 XXVIII.
1561 149 1642 194 167

174 296 249 336 pro
281 284 408 332 quinis
437 280 477 321 R
496 279 536 333 d,
565 284 701 321 melius
731 283 847 330 quine
876 278 914 318 V
958 283 1103 329 quinae
1132 284 1233 321 illius
1264 280 1376 321 unde
1400 282 1527 322 Ianus
1558 281 1639 322 ele-

174 360 291 414 ganti
320 360 562 400 coniectura
591 356 733 399 effecit
763 360 862 397 salis
893 360 1031 398 diebus
1061 361 1205 408 quinae
1225 359 1640 413 (cf.Diose.11.77›;

175 442 218 478 at
247 441 335 478 tum
365 440 438 477 aut
467 448 490 476 e
520 434 642 476 Plinii
681 448 760 475 usu
789 437 830 474 in
862 438 926 475 die
956 434 1181 476 dicendum
1221 440 1294 477 aut
1323 450 1521 477 numerus
1553 436 1641 477 adi·

174 513 348 554 ciendus
386 516 488 553 erat.
548 511 720 552 Certum
756 526 976 553 numerum
1016 512 1177 553 dierum
1225 515 1262 554 ei
1293 527 1418 555 curae
1456 528 1479 555 e
1508 514 1643 555 morbi

174 591 336 632 ratione
367 589 679 632 attribuendum
712 594 753 630 et
783 603 858 644 per
889 590 1076 644 singulos
1110 590 1199 631 dies
1231 596 1391 632 certum
1421 606 1642 633 numerum

172 669 435 710 heminarum
466 667 694 710 bibendum
724 680 819 708 esse
850 668 909 709 ait
928 668 1099 710 Plinius.
1160 668 1279 717 Quae
1310 670 1522 711 sententia
1550 683 1641 711 ver-

173 747 238 789 bis
266 747 325 788 R²
357 746 464 788 duce
493 746 553 787 ita
582 745 754 787 mutatis
784 744 988 800 prodibit:

227 829 381 866 statis
410 829 458 865 in
490 828 627 865 diebus
657 827 798 874 quinis.

771 896 858 943 131
878 917 936 936 =
962 896 1087 952 934.

241 981 506 1032 Stomacho
546 980 688 1030 utiles
741 982 927 1041 (casei)
987 982 1065 1045 qui
1103 997 1200 1032 non
1239 988 1349 1031 sunt
1387 983 1532 1041 salsi,
1591 984 1641 1032 id

240 1076 315 1119 est
360 1074 609 1129 recentes3
668 1074 858 1118 veteres
915 1069 1077 1118 alvum
1129 1070 1305 1119 sistunt
1360 1086 1640 1137 corpusque

239 1157 482 1215 minuunt,
521 1156 776 1206 stomacho
816 1156 1049 1207 utiliores,

285 1243 308 1288 ὃ
347 1245 396 1286 δὲ
440 1244 594 1300 νεαλὴς
626 1276 634 1285 .
667 1276 675 1284 .
706 1243 817 1300 πρὸς
859 1248 1126 1301 καθαίρεσιν
1177 1243 1335 1299 σαρκὀς
1382 1243 1642 1303 ἐπιτήδειος,

1670 931 1751 974 614

174 1322 519 1377 κακοστόμαχος.
550 1321 823 1363 Dioscorides
853 1322 990 1377 inquit
1013 1324 1065 1364 ΙΙ.
1088 1324 1159 1378 79;
1191 1338 1328 1380 neque
1360 1325 1529 1366 omnino
1552 1326 1642 1367 fieri

174 1406 316 1456 potest
351 1404 398 1442 ut
443 1399 525 1440 duo
556 1413 714 1454 genera
763 1413 896 1455 aeque
926 1400 1045 1441 utilia
1083 1402 1185 1456 sint;
1229 1403 1372 1458 itaque
1415 1403 1641 1459 legendum

175 1486 240 1521 est
268 1478 382 1520 haud
413 1477 557 1518 dubie:
586 1481 789 1519 stomacho
821 1483 833 1518 i
843 1493 865 1518 n
877 1483 1063 1520 utiliores.

264 1559 566 1613 136=9‚27.
609 1557 698 1615 (Qde
735 1557 948 1621 axungia
983 1572 1071 1606 seu
1108 1558 1251 1622 adipe
1289 1558 1480 1619 suillo).
1566 1564 1757 1609 615-16

245 1645 560 1709 quamobrem
598 1659 695 1693 non
735 1644 796 1693 de
836 1644 929 1693 alia
959 1645 1216 1709 loquemur
1250 1662 1351 1705 sue,
1390 1646 1540 1696 multo
1578 1647 1648 1696 ef-

244 1733 470 1782 ficaciore
507 1732 687 1781 femina
724 1738 771 1780 et
806 1747 932 1796 quae
970 1748 1065 1783 non
1104 1734 1318 1798 peperit3
1354 1734 1505 1784 multo
1528 1751 1645 1785 vero

247 1819 570 1883 praestantior
604 1820 651 1868 in
690 1819 821 1885 apris
857 1826 945 1869 est.

290 1906 471 1948 Diversa
498 1907 634 1949 suium
665 1921 823 1963 genera
841 1908 901 1950 Pl.
936 1909 1135 1963 quoniam
1166 1922 1250 1949 non
1282 1909 1503 1964 distinguit
1533 1914 1650 1951 aliam

179 2000 285 2027 suem
315 1985 457 2027 nescio
489 1985 555 2026 cui
587 1999 800 2040 opponere
830 1999 914 2026 non
940 1987 1090 2041 potuit,
1122 1988 1259 2042 potuit
1290 1988 1519 2043 axungiam
1550 1989 1648 2029 suil-

177 2065 261 2105 lam
290 2063 462 2119 reliquis
495 2063 748 2105 animalibus
794 2063 1022 2119 praeferre.
1081 2066 1229 2120 Itaque
1259 2065 1454 2108 lacunam
1485 2066 1544 2107 sic
1575 2080 1648 2107 ex-

180 2141 275 2196 pleo
306 2155 448 2191 quam
479 2155 499 2182 e
520 2155 609 2195 sue3
640 2144 878 2196 proximum
898 2156 1067 2183 sensum
1090 2144 1242 2198 partim
1263 2143 1380 2184 codd
1415 2143 1650 2200 Ianumque

183 2223 352 2259 secutus
382 2219 441 2260 ita
471 2219 700 2260 constituo:
747 2224 865 2260 mullo
897 2224 1102 2269 efficacior
1132 2234 1152 2261 e
1178 2224 1324 2269 femina
1355 2231 1445 2275 est,
1476 2237 1512 2273 q.
1543 2237 1579 2263 η.
1603 2237 1648 2274 p.

181 2296 216 2350 ξ.
252 2296 327 2339 139
359 2296 450 2337 cod.
480 2296 538 2337 V2
568 2296 698 2338 habet
728 2302 893 2350 capillis,
924 2297 982 2338 R²
1009 2301 1238 2351 fluentibus,
1269 2299 1382 2340 unde
1413 2299 1548 2340 efficio
1581 2313 1649 2341 ca-

174 2377 285 2425 pillis
310 2377 534 2424 fluentibus.

757 2454 847 2502 146
868 2475 926 2494 =
945 2456 1069 2511 9‚-40.
1678 2472 1760 2516 617

247 2540 686 2605 praestantisimum
723 2540 770 2588 in
810 2540 986 2589 effectu
1023 2540 1089 2590 fel
1127 2547 1215 2590 est.

287 2631 630 2680 praestantissima
674 2632 713 2668 in
773 2630 913 2676 effectu
959 2627 1048 2680 R2,
1107 2629 1132 2669 i.
1189 2643 1224 2670 e.
1272 2633 1651 2680 praestantissimum

182 2709 334 2756 effectu.
367 2706 591 2748 Ablativus
623 2706 732 2747 enim
765 2705 878 2747 solus
910 2705 1046 2747 eidem
1073 2707 1281 2748 adiectivo
1303 2707 1536 2750 additurII.
1558 2708 1650 2761 110,

180 2783 361 2825 XXVII.
395 2785 486 2826 144.
