1914 3237
157 901 238 944 356

154 2117 234 2160 357

270 173 324 215 56
846 175 964 215 Liber
991 177 1036 215 X
1044 177 1155 215 VIII.

269 304 454 345 Pintiani
485 305 728 346 coniectura
759 311 844 358 est,
892 311 1131 362 corruptam
1172 320 1266 348 esse
1304 313 1416 349 recte
1454 308 1661 350 intellexit
1691 314 1733 350 et

269 386 370 422 caeli
427 381 636 423 excidisse
694 383 914 438 ingeniose
973 385 1210 440 suspicatus
1263 391 1340 427 est.
1399 384 1631 427 Oblocutus
1667 392 1733 428 est

269 459 486 501 Strackius
516 474 553 515 p.
586 459 646 500 VI
677 460 928 517 codicesque
959 463 993 503 Τ
1024 463 1049 503 d
1076 463 1194 518 sequi
1224 464 1391 516 maluit,
1429 464 1556 505 Ianus
1586 465 1730 520 vulga-

269 542 354 578 tam
385 537 634 592 scripturam
665 543 817 581 tuetur.
877 541 933 582 At
964 541 1064 595 quid
1095 542 1310 596 scripserit
1338 541 1521 594 Plinius,
1553 555 1575 582 e
1607 543 1731 584 simili

268 614 424 655 codicis
457 629 482 655 a
512 617 751 670 corruptela
781 631 862 671 qua
894 619 930 671 ἓ.
964 618 1042 661 136
1070 622 1294 669 hominique
1326 619 1467 672 habet,
1500 620 1622 661 facile
1647 621 1729 662 col-

267 692 428 748 ligitur,
461 693 620 734 scilicet
646 693 869 749 legendum
902 709 1017 742 esse:
1049 700 1220 738 adsensu
1251 706 1383 738 terrae
1412 709 1578 749 quoque.
1636 698 1731 739 Non

269 784 346 811 sua
375 776 538 811 tantum
571 776 722 812 natura
753 772 828 813 sed
860 774 985 815 etiam
1018 779 1155 816 terrae
1190 774 1392 816 facilitate
1421 776 1587 831 insigne
1618 782 1694 817 est.

598 884 689 930 139
716 885 946 940 =15‚38.
993 883 1080 942 (de
1119 900 1236 934 ervo
1274 885 1400 950 agit)

335 997 393 1001 —
430 967 609 1033 quippe
648 984 756 1018 cuni
793 969 953 1018 divum
978 973 1258 1036 Augustum
1297 978 1513 1021 curatum
1552 974 1731 1038 episto-

331 1054 389 1104 lis
426 1055 578 1119 ipsius
616 1058 846 1107 memoria
884 1064 1058 1108 exstet.

376 1144 501 1183 Ianus
531 1143 709 1185 inseruit
751 1158 796 1185 eo
828 1150 922 1200 post
953 1155 1152 1201 curulum,
1205 1148 1421 1202 eleganter
1460 1162 1562 1188 sane
1600 1153 1641 1189 et
1678 1147 1731 1188 ad

267 1235 436 1262 sensum
457 1226 584 1263 recte.
618 1222 702 1263 Sed
726 1223 890 1264 facilius
909 1238 992 1265 cum
1008 1226 1294 1279 proximorum
1325 1225 1625 1267 vocabulorum
1648 1230 1730 1264 ter-

264 1299 483 1340 minationi
515 1299 659 1341 deberi
681 1301 946 1342 existimatur
976 1308 1017 1343 et
1046 1309 1232 1345 mutatur
1261 1304 1302 1344 in
1325 1317 1413 1355 quo.
1446 1303 1641 1343 Vicinum
1654 1307 1732 1343 sati

265 1377 485 1418 Strackius
515 1393 554 1433 p.
582 1377 658 1418 VII
687 1384 803 1419 recte
832 1380 875 1419 in
901 1384 986 1421 (ιάίὶ
1014 1381 1262 1423 mutandum
1294 1394 1393 1422 esse
1423 1385 1588 1433 censet,
1619 1380 1729 1421 idem

263 1454 400 1495 locum
445 1460 686 1510 corruptum
719 1457 865 1510 §.1143
915 1459 1088 1513 egregia
1132 1460 1261 1513 patris
1301 1461 1544 1500 coniectura
1590 1458 1730 1499 sanari

265 1531 574 1574 animadvertit.
616 1533 694 1574 Cui
723 1534 765 1574 in
796 1537 1037 1576 universum
1072 1537 1291 1578 assentior.
1318 1536 1511 1591 Namque
1529 1535 1731 1577 Varronis

264 1610 402 1651 locum
442 1610 494 1651 de
536 1625 580 1652 re
617 1618 721 1653 rust.
752 1613 783 1654 I.
814 1613 865 1655 31
909 1613 979 1668 qui
1017 1614 1184 1654 ocinum
1225 1614 1358 1655 secari
1388 1616 1446 1655 ait
1489 1618 1730 1668 ,antequam

264 1693 393 1742 genat
423 1689 609 1744 siliquas‘
651 1689 764 1730 haud
795 1690 920 1731 dubie
950 1691 1112 1733 Plinius
1152 1693 1193 1733 in
1234 1693 1371 1732 animo
1412 1691 1598 1732 habebat
1635 1704 1729 1732 cum

266 1766 469 1807 scriberet
499 1767 611 1822 quod
642 1782 752 1809 nunc
786 1775 1027 1824 ,antequam
1059 1770 1234 1824 gelaret‘
1264 1771 1437 1826 legitur:
1479 1771 1730 1824 ‚generaret‘

264 1844 421 1898 optime
462 1845 678 1887 Strackius
724 1848 925 1900 coniecit,
964 1861 1101 1902 neque
1143 1853 1285 1889 tamen
1324 1848 1497 1889 verbum
1538 1846 1731 1887 absolute

265 1921 363 1975 poni
392 1923 646 1976 putaverim,
694 1938 818 1979 quam
850 1926 902 1966 ob
941 1939 1029 1966 rem
1061 1939 1207 1967 vocem
1237 1928 1440 1978 ,siliquam‘
1479 1930 1574 1980 post
1603 1939 1638 1965 v.
1661 1939 1731 1965 an-

264 2006 419 2049 tequam
439 2000 552 2055 quod
571 2001 613 2041 in
631 2002 809 2043 eandem
833 2003 1036 2058 syllabam
1058 2003 1223 2055 desinit,
1243 2003 1341 2044 addi
1360 2003 1515 2044 debere
1540 2002 1729 2043 arbitror.

436 2113 543 2159 145.
582 2114 641 2160 46
679 2125 728 2146 Ξ
770 2115 924 2171 16,43.
972 2114 1059 2174 (dc
1097 2112 1286 2162 medica
1325 2112 1561 2176 loquitur)

333 2196 466 2262 Opus
515 2204 588 2248 est
632 2201 872 2249 densitate
920 2202 1116 2251 seminis
1163 2200 1322 2251 omnia
1383 2199 1611 2264 occupari
1658 2199 1730 2247 iu-

332 2290 767 2351 ternascentesque
815 2288 994 2337 herbas
1030 2287 1253 2347 excludi;
1305 2289 1353 2336 id
1391 2290 1638 2352 praestant
1682 2286 1729 2334 in

330 2372 501 2436 iugera
552 2375 715 2424 modia
777 2377 961 2425 vicena.
1032 2375 1327 2425 Movendum
1383 2390 1443 2424 ne
1503 2374 1732 2422 aduratur

331 2460 411 2510 rel.

374 2547 532 2589 Locum
564 2549 687 2590 foede
718 2557 958 2604 corruptum
989 2550 1249 2603 Harduinus,
1280 2564 1373 2590 cum
1393 2549 1564 2602 probam
1584 2547 1727 2588 lectio-

266 2639 360 2666 nem
402 2630 616 2667 cavendum
656 2641 780 2682 quam
828 2627 939 2682 apud
978 2629 1295 2683 Dalecampium
1338 2627 1574 2676 invenerat,
1628 2638 1726 2665 con-

267 2712 471 2744 temneret
509 2713 549 2744 ct
590 2718 611 2744 e
642 2705 761 2747 MSS.
803 2706 963 2747 scilicet
993 2719 1015 2745 e
1047 2706 1137 2747 cod.
1180 2719 1205 2746 a
1242 2707 1470 2744 movendum
1511 2701 1726 2755 scriberet,

267 2780 402 2835 magis
433 2781 558 2821 etiam
589 2782 786 2836 corrupit.
839 2782 891 2823 Et
925 2788 1036 2823 recte
1068 2782 1235 2838 quidem
1268 2780 1484 2821 Straekius
1517 2780 1726 2835 Ianusque
