1914 3237
130 424 212 468 670

133 1424 209 1468 671

241 147 321 190 186
828 151 945 189 Liber
979 151 1117 190 XXX.

240 277 300 317 R2
336 278 474 330 potius
505 279 622 332 sequi
654 278 837 320 debebat
871 279 1041 335 (reliqui
1072 282 1277 332 mortuo),
1315 281 1356 320 in
1387 294 1468 335 quo
1498 297 1521 323 a
1550 290 1702 322 mortuo

241 356 438 411 scriptum
472 361 698 410 repererat.

708 438 770 484 98
810 440 856 484 et
892 440 953 485 99
992 458 1038 477 =
1081 439 1234 494 11,30.

302 524 351 569 ln
407 522 652 585 quartanis
708 553 768 558 —-
827 524 1122 572 subnectunt
1177 553 1234 559 —
1291 524 1483 589 viperae
1559 531 1702 591 caput

302 610 547 659 abscisum
590 639 642 644 —
697 611 844 659 muris
902 610 1154 660 rostellum
1189 639 1251 646 —-—
1296 611 1505 662 lacertae
1560 614 1703 662 vivae

304 697 525 747 dextrum
578 698 771 746 oculum
809 700 1063 756 effossum,
1116 714 1228 748 mox
1265 716 1373 749 cum
1411 700 1568 766 capite
1612 716 1701 751 suo

304 786 472 834 deciso
510 786 555 834 in
595 784 824 850 pellicula
860 787 1068 850 caprina.

349 873 571 914 oculumne
603 887 696 914 cum
731 887 805 914 suo
837 874 1007 928 capite?
1058 889 1111 915 an
1143 888 1237 914 cum
1269 875 1406 929 capite
1438 873 1579 915 deciso
1611 875 1634 916 i.
1668 888 1702 917 e.

239 951 328 992 sine
359 952 496 1006 capite
543 952 685 993 nescio
718 951 828 1007 quod
872 952 1028 993 animal
1063 977 1104 981 -—
1143 966 1240 993 nam
1272 953 1305 993 si
1344 952 1543 993 lacertam
1583 953 1703 994 intel-

238 1029 309 1083 ligi
340 1030 542 1071 voluisset
560 1031 749 1086 scriptor,
780 1034 905 1081 ipsam
923 1029 1081 1071 addere
1101 1029 1294 1073 debebat.
1325 1031 1465 1071 Aliam
1481 1030 1703 1071 bestiolam

239 1106 339 1147 dicit
367 1107 447 1147 illis
487 1108 655 1163 ineptiis
686 1108 857 1150 minime
889 1109 1088 1161 alienam;
1134 1112 1259 1163 atque
1294 1109 1401 1149 sicut
1430 1108 1591 1150 XXIX.
1630 1109 1705 1151 10ss

239 1199 477 1226 muscarum
509 1186 649 1241 capita
680 1186 1040 1237 commendantur,
1072 1186 1131 1226 ita
1162 1186 1240 1227 hoc
1271 1187 1362 1227 loco
1385 1187 1528 1242 quidni
1553 1201 1703 1228 earun-

239 1263 333 1304 dem
366 1264 610 1318 corporibus
655 1265 714 1304 uti
746 1263 937 1305 dicantur
966 1263 1108 1318 magi?
1165 1264 1412 1314 Legendum
1454 1270 1517 1305 est
1560 1265 1704 1319 igitur:

239 1356 273 1381 m
288 1357 310 1381 u
323 1357 342 1382 s
356 1355 377 1382 c
389 1357 413 1381 a
427 1356 462 1381 m
492 1346 621 1393 capite
650 1342 722 1383 rel.

765 1424 854 1471 102
892 1438 934 1457 =
970 1421 1165 1470 ibidem.

308 1507 594 1558 Stellionem
648 1509 887 1559 inclusum
926 1507 1141 1574 capsulis
1179 1509 1424 1559 subiciunt
1462 1510 1604 1574 capiti
1645 1538 1703 1545 —-

313 1597 535 1646 devorari
592 1603 752 1646 autem
806 1598 974 1648 iubent
1025 1612 1109 1647 cor
1163 1598 1317 1662 mergi
1380 1598 1547 1646 marini
1603 1597 1708 1646 sine

314 1685 438 1734 ferro
475 1690 754 1751 exemptum
788 1687 1208 1750 inveteratumque
1246 1686 1433 1735 conteri
1470 1690 1516 1735 et
1554 1686 1600 1734 in
1633 1700 1711 1734 ca-

315 1772 409 1821 lida
445 1788 570 1837 aqua
611 1773 720 1824 bibi.

357 1862 471 1902 Scire
498 1861 621 1902 velim
653 1867 754 1917 quot
785 1863 967 1918 capsulis
988 1876 1095 1902 unus
1113 1861 1248 1902 stellio
1268 1861 1523 1902 includatur:
1558 1873 1712 1916 nempe

247 1940 400 1994 singuli
432 1939 621 1994 singulis,
680 1941 749 1994 qui
792 1954 990 1982 numerus
1020 1940 1160 1981 littera
1189 1954 1207 1978 s
1240 1939 1370 1979 semel
1401 1939 1557 1993 scripta
1592 1940 1710 1980 resti-

247 2018 376 2058 tuitur
406 2021 632 2068 capsulae.
691 2017 813 2065 Quod
845 2023 986 2059 autem
1018 2016 1234 2073 praecedit
1263 2016 1435 2056 verbum
1474 2020 1715 2057 incluserant

248 2095 442 2136 meliores
467 2095 559 2135 libri
588 2096 788 2150 scriptum
820 2095 1020 2136 exhibent
1050 2096 1074 2135 i.
1109 2108 1143 2135 e.
1170 2099 1358 2135 inclusum
1390 2108 1570 2135 aereae
1599 2108 1713 2146 cap-

246 2188 264 2213 s
279 2177 414 2224 ulae,
446 2173 656 2228 quomodo
674 2173 834 2217 XXIX.
853 2175 932 2217 245
954 2187 1078 2215 aerea
1096 2173 1252 2227 pyxide
1281 2173 1394 2227 magi
1424 2173 1483 2213 uti
1508 2173 1713 2214 dicuntur.

250 2251 379 2291 Multo
411 2264 508 2292 vero
539 2251 677 2291 minus
709 2265 816 2307 quae
848 2253 989 2293 statim
1021 2254 1253 2306 sequuntur
1283 2256 1379 2305 apte
1400 2250 1599 2305 explicari
1620 2265 1715 2305 pos-

250 2334 357 2369 sunt.
416 2328 523 2369 Nam
556 2342 608 2370 ne
640 2331 753 2385 magi
786 2330 954 2386 quidem
1000 2329 1041 2370 id
1074 2329 1264 2370 effecisse
1294 2328 1468 2383 putandi
1500 2334 1619 2381 sunt,
1671 2334 1716 2369 ut

249 2420 320 2447 cor
352 2407 623 2448 devoraretur
654 2407 984 2463 devoratumque
1016 2407 1240 2467 biberetur.
1274 2407 1355 2448 Hic
1372 2420 1537 2462 quoquc
1561 2407 1715 2462 duplex

251 2484 425 2525 curandi
445 2485 594 2526 modus
626 2487 695 2541 qui
726 2487 921 2528 meliores
952 2486 1120 2527 codices
1151 2491 1378 2525 exararunt
1408 2485 1559 2525 vitiosa¹
1589 2485 1715 2539 scrip-

585 2578 620 2603 m
1091 2578 1114 2603 ιι

252 2623 345 2658 tura
376 2622 718 2670 z‘m·ete›·atns0que
775 2619 814 2659 R
871 2623 1232 2669 inveleralosoqzoe
1266 2618 1298 2657 V
1338 2618 1471 2673 qualis
1503 2617 1627 2658 fuerit
1656 2618 1717 2658 in-

254 2695 417 2747 dicant,
467 2710 542 2736 nos
582 2696 692 2737 facili
724 2696 1020 2738 emendatione
1052 2697 1309 2751 aperiemus:
1355 2700 1541 2736 devorare?
1575 2722 1617 2725 »--
1651 2711 1719 2737 esc-

255 2783 432 2830 emplmn,
465 2778 718 2815 ι’)ινυίονιιίιιηι
744 2792 766 2825 q
780 2789 942 2826 noque
970 2800 1022 2805 —
1054 2778 1141 2816 hibi.
