1914 3237
746 150 863 194 liber
894 153 1056 194 XVIII.
1586 155 1638 198 55

168 282 316 338 Neque
367 287 509 330 tamen
558 281 764 337 pluralem
810 286 961 324 Galliae
1007 293 1048 323 et
1086 286 1307 334 Hispaniae
1356 285 1639 339 probaverim,

169 373 263 401 cum
292 360 335 405 in
365 372 410 402 re
444 359 572 401 dubia
623 364 634 405 (’
647 362 870 413 utrumque
911 361 1022 400 enim
1067 374 1288 402 numerum
1320 363 1495 417 reperiri
1541 377 1639 405 eon-

169 438 276 494 stat)
317 438 537 483 meliorum
568 435 760 478 codicum
791 436 1020 477 auctoritas
1049 438 1209 479 valeat:
1253 453 1275 479 e
1307 439 1459 494 quibus
1491 454 1516 481 a
1549 445 1640 482 Gal-

165 520 220 573 liet
254 519 347 557 setis
377 520 419 555 et
451 517 652 570 Hispaniq
684 517 764 554 lino
802 513 992 568 praebet,
1038 514 1190 556 elarius
1239 517 1365 558 etiam
1411 521 1449 561 Θ
1489 522 1642 561 Galliae

166 598 260 635 setis
290 596 332 634 et
355 595 575 643 Hispaniae
591 595 668 632 lino
700 590 941 632 exhibebat..
1003 593 1140 646 §.114
1164 607 1257 635 cum
1275 594 1497 637 Harduino
1508 611 1641 638 annua

168 675 324 713 ducena
352 669 496 726 legere
526 669 660 722 malo,
701 682 783 725 quo
826 669 1017 710 codicum
1048 671 1229 726 vestigia
1271 671 1447 727 duount3
1492 675 1528 728 ξ.
1560 677 1639 719 117

165 749 382 804 vulgatam
407 747 658 803 scripturam
684 751 833 788 venalis
860 750 986 796 fabae
1000 747 1149 802 probo,
1181 755 1227 789 ut
1253 749 1383 790 nimia
1401 750 1638 794 dativorum

168 825 392 868 multitudo
440 828 630 867 evitetur.
689 824 852 866 Littera
901 827 1011 867 enim
1057 840 1076 866 s
1120 827 1311 880 proxima
1344 830 1377 876 f
1403 829 1639 886 intercepta

167 918 263 946 esse
293 903 470 945 videtur.

351 1018 442 1064 129
482 1029 526 1048 =
573 1016 725 1071 1334.
800 1014 889 1073 (de
927 1015 1055 1078 rapis
1092 1029 1251 1064 sermo
1292 1022 1392 1075 est)
1666 1029 1748 1073 354

230 1113 421 1164 Genera
458 1127 627 1162 eorum
664 1112 838 1162 Graeci
889 1113 984 1162 duo
1025 1114 1175 1177 prima
1210 1116 1397 1174 fecere,
1447 1133 1637 1168 maseu-

228 1202 377 1251 linum
414 1201 823 1264 femininumque‚
873 1206 919 1249 et
957 1216 1014 1249 ea
1051 1203 1247 1251 serendi
1285 1205 1415 1253 modi
1454 1222 1516 1255 ex
1553 1222 1637 1256 eo-

230 1290 341 1340 dem
393 1289 604 1349 semine3
663 1289 892 1337 densiore
941 1290 1067 1337 enim
1123 1296 1229 1339 satu
1274 1292 1635 1344 masculescere

229 1377 314 1428 rel.

273 1465 393 1513 Quae
438 1464 518 1505 hac
567 1465 754 1505 sectione
785 1465 1082 1518 eontinentur,
1129 1479 1151 1506 e
1193 1466 1477 1522 Theophrasti
1528 1470 1635 1513 libro

165 1542 258 1583 VH.
289 1544 328 1585 4.
359 1543 384 1585 3
431 1547 600 1597 sumpta
630 1547 728 1582 sunt
758 1543 900 1583 omnia
930 1547 1056 1597 atque
1098 1554 1323 1598 propterea
1354 1546 1476 1588 aliter
1504 1548 1633 1590 inter-

166 1619 398 1674 pungenda
430 1633 554 1674 quam
586 1620 712 1674 vulgo
743 1620 802 1660 fit.
835 1621 882 1660 In
914 1620 1066 1675 quibus
1097 1634 1234 1677 neque
1264 1623 1307 1664 id
1345 1624 1459 1679 quod
1491 1625 1578 1667 Sill.
1611 1640 1633 1668 e

165 1696 256 1738 cod.
303 1710 329 1737 a
359 1696 475 1738 dedit
512 1702 619 1738 modi
647 1711 784 1752 neque
828 1698 1000 1752 vulgata
1045 1699 1252 1754 scriptura
1291 1705 1406 1742 modo
1445 1717 1573 1758 quam
1612 1719 1635 1746 e

164 1773 256 1816 eod.
288 1775 315 1816 d
344 1776 471 1816 Ianus
500 1776 695 1828 servavit,
729 1776 990 1831 intelligitur.
1021 1776 1352 1821 Restituendum
1380 1786 1444 1822 est
1464 1787 1634 1836 modum,

165 1853 237 1907 qui
267 1867 390 1895 casus
429 1854 564 1895 vicino
608 1856 805 1908 genetivo
851 1854 893 1894 in
926 1854 1155 1910 archetypo
1198 1865 1239 1897 et
1268 1858 1309 1898 in
1343 1872 1368 1899 a
1398 1866 1634 1916 corruptus,

164 1932 206 1972 in
238 1931 264 1972 d
295 1931 448 1972 deinde
479 1933 589 1972 male
620 1937 832 1972 correctus
863 1941 940 1972 est.
1007 1934 1113 1973 Item
1145 1934 1293 1975 ultima
1324 1938 1359 1990 ξ.
1399 1938 1477 1980 130
1505 1939 1636 1982 verba

163 2010 274 2051 male
304 2010 429 2064 vulgo
476 2010 534 2050 sie
574 2010 912 2065 distinguuntur:
972 2014 1109 2052 Palma
1139 2016 1177 2053 ἱη
1207 2017 1382 2055 Nursino
1427 2030 1528 2066 [tyro
1559 2032 1634 2057 na-

161 2090 380 2136 scentibus;
413 2093 570 2129 taxatio
602 2093 640 2128 in
670 2091 791 2128 libros
820 2094 991 2130 sesteree‘z·
1012 2094 1158 2140 sinyztlc'
1188 2100 1224 2131 el
1256 2096 1294 2132 in
1311 2098 1511 2144 paenuria
1543 2098 1634 2148 bini,

159 2170 350 2216 proxima
382 2170 423 2206 in
455 2169 598 2216 Alqido
628 2170 746 2206 natis.
804 2166 998 2221 Namque
1038 2167 1291 2210 adieetivum
1329 2177 1519 2222 proxima
1550 2187 1635 2214 non

164 2242 217 2284 ad
249 2243 558 2285 substantivum
589 2248 746 2284 laxatio
779 2244 852 2284 sed
885 2245 939 2285 ad
964 2251 1100 2296 palma
1132 2248 1328 2301 pertinet,
1359 2254 1405 2289 ut
1428 2249 1633 2293 XXXIV.

168 2321 243 2362 145
273 2324 447 2361 secunda
473 2325 608 2373 palma
644 2321 810 2377 legitur.
870 2322 939 2364 Sic
968 2324 1095 2378 igitur
1131 2325 1517 2382 interpungendum
1549 2335 1632 2370 est:

167 2401 302 2439 Palma
333 2424 380 2430 —-
413 2402 666 2441 nascentibus
701 2400 881 2454 (taxatio
915 2427 962 2431 —
995 2404 1116 2458 bini),
1143 2409 1333 2454 proxz'ma
1362 2411 1432 2446 rel.

402 2523 742 2580 133214,36.
796 2522 882 2582 (de
922 2523 1087 2588 lupino
1127 2524 1367 2590 loquitur)

229 2606 330 2656 Nee
383 2606 527 2657 ullius
565 2623 690 2672 quae
745 2615 933 2670 seratur
990 2616 1158 2661 natura
1210 2614 1425 2664 adsensu
1476 2622 1633 2665 terrae

230 2695 493 2746 mirabilior
531 2703 618 2746 est.

166 2791 372 2834 terraeque
402 2798 452 2837 a,
483 2792 669 2835 terraque
700 2785 734 2826 T
766 2786 813 2838 d,
844 2786 956 2827 unde
988 2787 1074 2828 Sill.
1106 2788 1321 2843 vulgatam
1354 2800 1493 2838 terrae,
1526 2804 1634 2846 quae

1663 2553 1744 2597 355

1901 3078 1914 3155 ’πῃ-,κς
1902 3031 1910 3073 -pr
1904 2988 1914 3026 ——v
1905 2942 1911 2979 ῃ,
1906 2914 1914 2935 ‚-
1906 2895 1911 2908 -
