1914 3237
682 137 814 179 Liber
846 137 929 180 VI.
965 137 1078 182 VII.
1536 136 1615 179 119

196 260 363 319 reliqua
394 260 577 301 deserta.
635 261 681 300 Β
691 275 714 300 e
725 260 815 300 ind
823 275 846 300 e
876 258 932 314 fa
940 259 1001 301 bu
1011 260 1110 302 losi
1137 259 1195 300 acl
1224 259 1486 301 occidentem
1512 274 1611 300 ver-

194 353 267 380 sus
297 340 351 380 Ν
350 340 492 396 {yvone
520 337 596 379 rel.

785 617 818 664 4
839 641 883 658 =
907 619 952 664 1.

197 745 264 750 —
300 716 541 764 hominem
569 717 682 764 nihil
708 717 852 777 scire,
884 716 1037 764 nihil
1073 715 1203 763 sine
1240 715 1478 777 doctrina,
1508 733 1606 765 non

194 805 299 865 fari,
337 822 431 853 non
467 806 657 870 ingredi
693 812 773 853 rel.

240 918 471 971 Scriptura
502 933 630 973 quani
665 919 833 973 recepit
850 918 1045 973 Silligius
1067 932 1091 958 e
1111 917 1338 959 codicibus
1367 918 1601 972 nonnullis,

127 1001 173 1034 ut
204 994 308 1035 ferri
349 1005 480 1049 queat
524 1010 691 1037 vereor.
762 997 879 1044 Quid
921 997 1034 1037 euim
1074 996 1222 1050 inepta
1260 994 1331 1036 illa
1368 997 1492 1038 vocis
1531 1011 1601 1038 re—

125 1072 422 1125 ‹luplicatione
462 1072 708 1114 efficietur?
746 1087 905 1127 nempe
944 1073 1165 1114 homiuem
1207 1073 1314 1114 nihil
1354 1075 1469 1116 scire
1509 1090 1600 1117 om-

122 1150 238 1203 nino,
270 1151 426 1191 deiude
460 1151 561 1192 nihil
581 1152 676 1192 siue
696 1153 909 1203 doctrina,
938 1167 1122 1206 quorum
1150 1152 1193 1192 id
1220 1153 1338 1206 quod
1368 1153 1490 1207 prius
1522 1168 1599 1207 po-

122 1230 303 1277 suimus,
335 1228 449 1270 falso
480 1231 732 1284 praedicari
762 1236 961 1285 apparet.
995 1231 1165 1278 Quodsi
1187 1239 1332 1272 autem
1359 1232 1598 1272 oratoriam

121 1310 339 1363 quandam
360 1309 443 1349 vini
461 1310 563 1350 voci
594 1309 762 1358 „uihiF‘
784 1310 851 1351 bis
870 1310 1088 1363 repetitae
1108 1310 1258 1351 inesse
1277 1317 1463 1364 statuas,
1492 1310 1597 1351 nihil

121 1388 307 1442 eogitari
343 1396 491 1442 potest
527 1388 744 1442 frigidius.
820 1390 867 1429 ld
905 1396 1051 1430 tamen
1095 1395 1220 1429 recte
1250 1387 1355 1429 fecit
1386 1388 1595 1442 Silligius,

118 1467 237 1521 quod
272 1467 553 1507 iniucundum
590 1467 630 1507 in
670 1466 849 1521 vulgata
887 1466 1078 1508 lectione
1113 1468 1348 1507 verborum
1394 1467 1594 1508 ordinem

118 1546 331 1587 hominem
361 1547 472 1585 scire
502 1545 613 1585 nihil
640 1546 734 1585 sine
764 1545 964 1586 doctrina
994 1545 1328 1599 relinquendum
1359 1557 1461 1584 esse
1492 1557 1592 1584 cen-

116 1625 222 1665 suit:
260 1624 444 1677 erravit,
474 1632 520 1664 ut
556 1637 719 1677 saepe,
761 1623 802 1662 in
837 1622 1136 1675 emendando,
1171 1636 1302 1676 quum
1337 1622 1485 1662 vitium
1518 1622 1593 1663 de·

116 1702 317 1744 texisset.
377 1700 497 1740 Libri
517 1700 627 1741 Mss.
662 1699 749 1739 hoc
777 1699 908 1740 modo
940 1700 1133 1741 variant:
1166 1700 1190 1740 d
1222 1700 1333 1739 scire
1362 1698 1472 1739 nihil
1500 1700 1592 1740 sine

114 1780 331 1829 doctrina,
365 1778 435 1820 ST
460 1778 683 1831 (Murbac.
701 1777 837 1829 Rob.)
871 1776 981 1816 nihil
999 1777 1109 1816 scire
1134 1776 1244 1816 nihil
1264 1777 1358 1816 sine
1378 1777 1590 1831 doctrina,

117 1858 155 1899 R
182 1856 293 1897 nihil
309 1856 421 1895 scire
437 1856 475 1895 si
494 1855 706 1908 doctrina,
735 1863 767 1895 Θ
799 1853 910 1893 nihil
934 1854 1045 1894 scire
1075 1854 1161 1894 nisi
1182 1854 1439 1906 doctrinam,
1472 1856 1588 1897 unde

113 1935 322 1977 facillima
355 1934 603 1976 emendatio
636 1932 830 1974 elicitur:

538 2009 647 2050 nihil
674 2010 785 2050 scire
813 2025 842 2049 n
855 2010 921 2049 isi
949 2009 1160 2052 doctrina.

221 2090 363 2137 Quum
395 2089 506 2129 enim
539 2089 580 2129 iu
614 2088 653 2128 R
682 2086 856 2142 syllaba
890 2087 939 2126 ni
968 2088 1169 2140 proxima
1201 2103 1247 2128 re
1280 2090 1512 2142 absorpta,
1543 2091 1585 2131 in

108 2169 204 2210 aliis
241 2169 384 2209 vicino
432 2167 651 2209 vocabulo
695 2165 806 2205 nihil
845 2173 1054 2220 corrupta
1099 2174 1240 2220 esset,
1287 2168 1480 2208 additum
1518 2174 1586 2209 est

109 2248 226 2303 quod
260 2246 496 2288 mutilatum
529 2260 632 2288 esse
664 2246 913 2298 videbatur,
941 2244 1046 2287 sine.

715 2379 777 2425 12
797 2379 980 2441 =¹2‚2.

176 2481 307 2528 idem
344 2479 614 2544 (Isigonus
638 2478 896 2544 prodidit)
934 2477 1109 2527 itinere
1147 2479 1336 2528 dierum
1372 2481 1580 2529 decem

176 2587 326 2634 supra
366 2570 714 2633 Borysthenen
756 2570 1069 2618 Sauromatas
1116 2571 1261 2620 tertio
1302 2572 1381 2620 die
1421 2572 1581 2621 cibum

179 2678 357 2726 capere
391 2678 600 2724 SCnlpel'·

223 2772 366 2819 Quum
383 2773 512 2814 modo
527 2771 898 2828 Anthropophagi
918 2771 1071 2814 decem
1089 2772 1256 2815 dierum
1273 2772 1429 2816 itinere
1445 2787 1584 2829 supra

1630 622 1710 662 147

1607 2387 1689 2430 148
