1914 3237
227 184 232 188 ,
262 141 342 185 192
841 145 955 182 liber
984 147 1144 185 XXXI.

260 270 498 325 corruptela
545 272 751 325 reperitur
788 273 1136 323 Theoplzilarasms
1175 273 1446 315 emendatur:
1505 278 1544 314 in
1587 279 1726 315 Indiae

266 351 515 388 Tradastilis.
549 351 799 389 Scotussaeis
829 349 881 390 ab
912 349 1013 391 Iano
1045 355 1277 391 correctum
1309 356 1383 393 est.

152 475 231 516 537
852 454 914 500 20
937 476 979 495 z
1011 455 1136 508 217.

328 536 582 585 Crannone
646 543 719 585 est
775 537 883 586 fons
938 536 1125 586 calidus
1165 565 1220 574 —
1267 539 1348 602 qui
1402 539 1511 588 vino
1564 539 1724 587 triduo

325 624 491 672 addito
530 623 740 673 calorem
781 624 992 689 potionis
1030 625 1243 674 custodit
1279 626 1325 673 in
1364 627 1511 674 vasis,
1596 690 1603 694 .

398 711 609 752 Athenaei
652 713 835 766 epitome
874 711 926 752 II.
958 726 996 767 p.
1027 712 1081 754 42
1126 714 1354 768 Κραννῶνι
1405 711 1565 755 δ’ἐστὶν
1609 711 1727 767 ὕδωρ

259 788 396 844 ἡσυχῆ
428 790 614 844 θερμὸν,
665 789 688 831 ὃ
734 789 933 845 διατηρεῖ
973 793 1197 845 κραθέντα
1241 790 1317 833 τὸν
1364 789 1486 833 οἶνον
1533 788 1606 832 ἐπὶ
1647 789 1726 832 δύο

259 870 334 909 καὶ
362 871 474 922 τρεῖς
504 863 679 921 ἡμέρας.
739 865 937 922 Sequitur
981 867 1110 908 verba
1138 868 1259 908 Plinii
1301 868 1359 909 sic
1397 868 1614 922 transponi
1656 866 1726 907 de-

259 944 380 985 bere:
412 947 480 994 qm·
508 947 598 985 vino
631 948 812 986 addilo
843 949 1016 986 triduo
1048 950 1219 987 calorem
1250 946 1321 988 rel.

644 1049 708 1096 28
742 1062 794 1082 Ξ
832 1050 956 1104 2,19.
1012 1046 1101 1105 (de
1138 1051 1349 1112 tempe).

323 1131 497 1197 siliqua
542 1133 782 1183 silvestris
827 1134 1054 1199 amplecti
1102 1135 1346 1185 radicibus
1397 1136 1576 1186 fontem
1616 1149 1723 1182 curn

325 1221 500 1270 dicitur
535 1237 730 1286 semper
763 1222 943 1272 florens
984 1238 1209 1287 purpura.

367 1309 519 1361 ‚Arbor
561 1310 714 1350 florens
760 1323 969 1366 purpureo
1017 1310 1171 1352 colore‘
1225 1310 1388 1353 VitruV.
1431 1309 1548 1351 VIII.
1581 1311 1619 1352 3.
1667 1311 1726 1351 15.

148 1087 229 1129 688

260 1385 409 1442 Itaque
442 1387 579 1429 scribo
605 1392 774 1438 florens,
803 1401 1077 1439 purpurea.

145 1485 225 1528 (589
840 1470 902 1516 30
937 1480 988 1502 Ξ
1034 1470 1159 1524 220,

321 1552 638 1602 Destillantes
688 1569 885 1618 quoque
931 1559 1098 1620 guttae
1154 1553 1314 1619 lapide
1367 1553 1633 1602 durescunt
1677 1553 1722 1600 in

322 1641 471 1689 antris
510 1641 743 1705 Coryciis,

370 1732 522 1770 Coricz's
551 1733 639 1769 ideo
672 1729 709 1769 V
731 1729 790 1782 R,
832 1728 944 1770 unde
976 1728 1062 1770 Sill.
1104 1733 1192 1769 ilem
1220 1732 1259 1769 in
1293 1731 1429 1777 Idaeo,
1479 1729 1564 1770 Ian.
1599 1731 1722 1769 Idaeo

256 1807 455 1860 coniecit,
504 1806 616 1862 quod
668 1807 810 1848 nescio
851 1806 1061 1862 quomodo
1101 1820 1193 1848 cum
1245 1806 1466 1847 verborum
1514 1810 1723 1846 structura

256 1884 555 1926 conciliaverit.
587 1884 825 1939 Simplicius
856 1889 897 1925 et
927 1884 1006 1925 nisi
1033 1884 1155 1925 fallor
1184 1884 1323 1926 verius
1354 1883 1506 1939 legitur
1536 1887 1572 1924 in
1596 1888 1724 1924 anais

258 1964 437 2015 Coryciis
466 1965 603 2002 Idae.

146 2039 228 2083 (590
900 2039 1077 2081 Ibidem.

324 2119 369 2165 in
418 2117 707 2181 quibusdam
762 2117 1013 2182 speluncis
1050 2156 1060 2167 .
1100 2157 1109 2166 .
1147 2116 1496 2178 columnasque
1544 2116 1723 2164 iaciunt

327 2209 579 2269 (guttae),
634 2210 684 2253 ut
737 2206 782 2253 in
821 2205 1031 2255 Phausia
1087 2203 1381 2254 Chersonesi
1420 2202 1721 2253 Rhodiorum

322 2293 406 2341 rel.

365 2380 594 2421 Phansiam
625 2380 840 2421 codicibus
863 2392 1029 2434 quoquc
1050 2380 1228 2420 alienam
1259 2384 1448 2420 veterum
1471 2379 1718 2432 scriptorum

255 2471 377 2498 nemo
408 2471 587 2513 usquam
619 2457 864 2498 nominavit.
924 2457 1038 2497 Libri
1069 2457 1228 2498 habent
1271 2461 1450 2508 ipsun-ria
1481 2455 1556 2496 Vd
1589 2459 1720 2507 ipsaia

255 2536 312 2588 R,
344 2535 456 2576 unde
488 2535 659 2590 dempta
690 2535 823 2576 vocali
855 2548 963 2590 quac
1002 2534 1360 2589 praepositionem
1392 2534 1578 2575 continet
1607 2533 1718 2588 quod

256 2617 445 2654 remanet
478 2616 594 2664 psam
632 2616 674 2653 ct
712 2616 903 2653 correcta
938 2612 1171 2652 litterarum
1212 2611 1527 2667 perturbatione
1565 2616 1606 2651 et
1645 2611 1718 2652 ad-

255 2690 343 2731 dita
373 2703 481 2745 quae
513 2690 729 2731 interierat
759 2689 922 2745 syllaba
953 2689 1164 2731 simillima
1186 2689 1299 2730 facili
1319 2688 1613 2730 emendatione
1644 2702 1717 2729 no-

254 2768 418 2809 tissima
435 2767 689 2809 Chersonesi
719 2768 836 2822 regio
871 2767 947 2817 (cf.
963 2767 1013 2808 V.
1034 2767 1137 2818 104>
1172 2766 1349 2809 efficitur
1378 2770 1417 2808 in
1447 2769 1718 2807 Rubrissia.
