1914 3237
280 162 332 205 84
883 162 998 202 Liber
1028 162 1146 201 XIX.

390 291 632 332 Doctiorem
664 304 787 345 quam
821 290 1145 344 ingeniosiorem
1176 288 1356 329 Plinium
1396 289 1527 329 fuisse
1558 303 1640 330 non
1672 302 1742 330 ne-

283 369 466 425 gaverim
520 382 656 423 neque
710 375 793 408 tam
839 368 1012 408 subacto
1044 366 1310 422 elegantique
1350 380 1475 421 quam
1524 367 1653 422 probo
1704 373 1745 407 et

283 447 399 502 gravi
445 446 598 487 iudicio
647 459 740 486 eum
782 445 982 500 polluisse
1021 446 1109 500 ipse
1153 446 1194 485 in
1234 443 1561 485 chrestomathia
1593 459 1632 499 p.
1662 443 1743 484 XV

283 539 371 580 sqq.
419 524 651 565 declaravi:
716 529 757 563 at
794 537 889 564 vero
938 531 1021 564 tam
1064 523 1205 577 inepte
1245 522 1414 563 doctum
1464 535 1558 563 eum
1598 521 1742 573 fuisse,

282 608 326 642 ut
357 603 465 642 inter
484 601 711 642 cauliculos
743 601 888 641 turrim
918 614 1010 640 cum
1044 600 1136 640 lacu
1168 604 1423 652 exstrueret,
1455 606 1538 640 tam
1571 599 1744 640 confuse

283 681 467 720 locutum
499 692 592 719 esse
621 685 666 719 ut
697 678 840 718 turrim
872 682 913 718 et
945 677 1073 717 fuisse
1104 681 1145 717 et
1169 689 1263 717 esse
1289 677 1482 723 traderet,
1515 684 1599 717 tam
1631 676 1742 716 deni-

283 771 363 812 que
394 757 653 797 illitteratum
684 756 815 796 fuisse
846 760 891 796 ut
921 755 1034 796 verbi
1066 755 1147 795 vim
1178 768 1261 795 non
1279 755 1548 809 perspiceret,
1580 754 1744 794 etiamsi

283 835 335 876 ad
370 834 478 874 hunc
510 834 620 874 diem
652 846 773 874 nemo
792 833 1010 885 dubitavit,
1042 846 1120 887 ego
1152 846 1378 887 numquam
1409 838 1453 873 ut
1472 831 1641 872 credam
1673 831 1745 872 ad-

285 913 426 952 ducar.
485 911 674 964 Scilicet,
720 918 765 951 ut
796 911 848 952 ab
881 925 951 964 eo,
985 910 1098 964 quod
1129 910 1319 950 ultimum
1350 910 1471 965 posui
1504 909 1746 964 disputandi

285 991 445 1030 initium
478 988 653 1041 faciam,
699 1003 783 1030 non
815 992 1128 1030 Lac-murrenses
1161 987 1243 1042 (ita
1273 988 1384 1028 enim
1415 1001 1568 1029 nomen
1603 1001 1626 1028 e
1656 1001 1745 1028 cor-

286 1067 452 1122 ruptela
480 1066 572 1107 cod.
606 1081 627 1107 c
685 1069 970 1108 Lacutur-reses
1014 1067 1258 1107 restituatur
1300 1079 1476 1107 necesse
1518 1070 1604 1117 est)
1654 1079 1747 1120 pro-

285 1145 373 1200 prie
421 1143 668 1185 dicebantur
719 1145 861 1185 caules
920 1144 994 1186 sed
1039 1147 1356 1186 Lacuturnenses
1405 1157 1429 1184 a
1464 1143 1593 1184 Turni
1639 1143 1750 1195 lacu,

286 1235 411 1276 quem
444 1222 677 1263 Columella
706 1222 759 1263 X.
799 1223 869 1266 137
901 1223 1102 1275 nominat,
1133 1222 1467 1277 appellabantur.
1499 1220 1603 1269 Quis
1635 1222 1745 1262 enim

286 1314 311 1341 a
347 1300 489 1341 nescio
528 1314 610 1355 qua
641 1301 742 1341 turri
787 1300 924 1341 lacum
965 1300 1224 1341 nominatum
1270 1313 1364 1341 esse
1403 1299 1531 1340 fando
1574 1299 1747 1352 audivit,

285 1379 378 1431 quis
410 1384 550 1420 autem
580 1378 708 1419 Turni
741 1391 914 1430 nomen,
967 1377 1000 1417 V
1005 1378 1156 1419 eniliae
1185 1378 1256 1418 filii
1288 1377 1511 1432 fratrisque
1542 1376 1744 1438 Iuturnae

287 1470 381 1497 cum
415 1456 468 1497 ad
498 1457 611 1497 illam
651 1458 867 1512 regionem
895 1460 980 1496 tum
1014 1456 1067 1497 ad
1098 1469 1229 1510 aquas
1268 1456 1520 1510 pertinuisse
1551 1439 1749 1510 ignorat?

287 1535 540 1590 lnspiciatur
575 1534 722 1587 modo,
769 1534 803 1575 si
841 1534 947 1575 tanti
977 1538 1061 1586 est,
1105 1534 1278 1575 Prelleri
1323 1533 1429 1574 liber
1477 1533 1529 1574 de
1577 1534 1750 1589 mythol.

286 1614 406 1655 Rom.
440 1628 478 1668 p.
511 1614 603 1656 (584.
663 1612 785 1660 Quod
816 1625 969 1652 nomen
1011 1625 1139 1666 quum
1184 1611 1296 1666 vulgi
1342 1612 1551 1666 imperitia
1589 1625 1752 1668 usuque

289 1691 489 1746 loquendi
508 1692 548 1731 in
567 1691 927 1743 ,Lacuturrenses‘
958 1689 1146 1742 abiisset,
1180 1703 1259 1744 quo
1293 1691 1571 1745 corruptionis
1597 1703 1752 1746 genere

289 1770 417 1811 etiam
450 1769 706 1810 Columellae
738 1782 882 1809 versus
914 1768 956 1808 in
976 1768 1188 1809 nonnullis
1219 1768 1334 1809 libris
1356 1769 1533 1822 laborat,
1566 1782 1590 1809 a
1613 1782 1750 1823 gram-

289 1849 442 1888 matico
475 1848 613 1902 aliquo
654 1847 764 1887 male
796 1846 918 1887 docto
949 1846 1002 1887 ad
1047 1851 1182 1887 turres
1223 1860 1354 1902 prope
1391 1846 1625 1888 convallem
1655 1847 1750 1887 Ari-

291 1927 427 1967 cinam
455 1926 555 1966 sitas
573 1925 751 1966 relatum
776 1930 852 1976 est,
885 1924 996 1964 unde
1020 1937 1140 1965 mons
1159 1923 1335 1965 duarum
1351 1925 1524 1965 turrium
1542 1923 1751 1980 hodieque

291 2004 539 2059 appellatur,
571 2003 622 2043 de
647 2016 728 2058 quo
750 2002 928 2043 Nibbius
947 2003 987 2043 in
1012 2015 1061 2043 eo
1082 2002 1185 2043 libro
1206 2002 1291 2057 egit
1322 2015 1445 2057 quem
1478 2002 1528 2043 de
1560 2003 1752 2044 suburbi-

291 2083 413 2123 cariis
453 2081 694 2136 regionibus
738 2081 903 2135 scripsit
963 2080 1149 2131 (Analisi
1168 2112 1204 2122 ..
1238 2080 1302 2121 de’
1332 2080 1514 2121 dintorni
1544 2080 1585 2121 di
1614 2081 1751 2122 Roma

292 2162 322 2201 I.
341 2175 377 2215 p.
395 2161 513 2214 554).
554 2160 692 2214 Atque
723 2158 834 2198 idem
866 2158 1030 2199 videtur
1060 2158 1212 2210 fuisse,
1245 2172 1368 2213 quem
1400 2158 1568 2199 saeculo
1600 2173 1640 2214 p.
1673 2157 1749 2200 Ch.

293 2251 331 2277 n.
364 2243 514 2291 quarto
546 2237 730 2279 Plinium
766 2236 1016 2277 emendasse
1054 2242 1096 2277 et
1124 2236 1357 2277 illustrasse
1389 2235 1566 2277 subinde
1597 2236 1753 2277 indica-

294 2315 428 2355 vimus
456 2315 530 2363 (οἵ.
553 2329 589 2356 11.
622 2316 686 2358 42.
710 2314 825 2364 116).
858 2315 1030 2355 Minime
1048 2314 1175 2369 igitur
1194 2314 1344 2354 mirum
1365 2313 1476 2368 quod
1500 2327 1607 2368 quae
1626 2313 1694 2354 ille
1713 2314 1752 2354 in

294 2393 480 2446 margine
494 2392 788 2447 adscripscrat,
812 2407 836 2433 a
852 2392 1031 2433 librariis
1048 2392 1089 2432 in
1108 2392 1257 2432 librum
1278 2392 1414 2446 ipsum
1428 2391 1632 2432 translata
1645 2396 1753 2432 sunt.

294 2471 410 2511 ldem
443 2472 479 2523 ξ.
520 2471 591 2511 1:323
629 2471 669 2510 in
701 2486 750 2511 eo
789 2470 933 2511 codice
964 2470 1120 2511 factum
1160 2474 1245 2523 est,
1283 2484 1406 2524 quem
1436 2470 1642 2524 Apuleius
1683 2483 1753 2510 ex-

294 2549 460 2602 cerpsit.
525 2548 602 2588 Ubi
651 2548 938 2602 proverbium,
984 2548 1101 2588 cuius
1146 2562 1171 2589 a
1199 2548 1332 2588 Plinio
1371 2547 1528 2589 mentio
1566 2548 1628 2598 fit,
1676 2546 1753 2587 hoc

295 2626 487 2680 exemplo
521 2626 770 2666 illustratur:
804 2633 844 2666 ιιι
868 2634 967 2677 puta
996 2631 1054 2667 sic
1084 2629 1192 2666 acris
1221 2633 1278 2666 esl
1307 2629 1510 2666 nasturcio
1545 2628 1666 2676 (nam
1698 2626 1755 2665 ita

294 2704 442 2757 corrigi
476 2708 639 2757 oportet
671 2703 825 2744 menda
856 2704 1009 2744 librarii
1037 2711 1157 2754 pulses
1188 2708 1229 2744 et
1259 2704 1395 2757 acrio)
1428 2702 1667 2755 dimidiato,
1711 2707 1756 2743 ut

294 2781 479 2833 videtur,
527 2795 646 2821 versu
680 2796 702 2820 e
732 2782 951 2822 comoedia
980 2782 1122 2836 petito.
1182 2781 1308 2821 Aliud
1354 2780 1567 2835 glossema
1607 2784 1644 2834 ξ.
1678 2781 1757 2824 167
