1914 3237
760 148 892 189 Liber
925 149 1008 191 VI.
1543 148 1625 189 113

153 276 232 310 est.
293 271 511 311 Susianae
543 271 656 311 enim
689 283 810 311 oram
839 285 921 323 per
950 272 1066 311 vada
1094 279 1135 312 et
1159 270 1341 325 paludes
1370 278 1626 325 praeterna-

149 348 313 402 vigavit
344 348 601 400 Nearchus,
644 346 702 389 cf.
734 348 913 387 Arrian.
937 348 1028 388 lnd.
1055 348 1134 397 41,
1167 350 1313 389 Strab.
1340 349 1439 389 XV.
1468 364 1509 403 p.
1528 348 1625 399 729,

149 436 191 467 et
223 428 279 468 ibi
311 441 336 467 a
358 426 609 467 Ptolemaeo
627 425 702 465 Vl.
721 425 759 468 3.
777 426 815 467 ⁶2.
844 427 1094 467 nominatur
1123 426 1315 481 Τέυαγος
1338 426 1551 482 Ἀ,ιι“ιιῶδε>ς
1579 436 1623 468 et

147 504 343 556 Πηλώδης
371 503 540 552 κόλπος.
612 504 758 559 Atque
789 505 999 546 Arabiam
1036 518 1194 546 versus
1236 504 1489 558 Euphrates
1526 508 1623 560 ipse

144 591 187 623 et
217 582 396 623 flumina
435 597 533 623 cum
577 597 631 624 eo
669 585 902 625 coniuncta
943 583 1011 625 vel
1049 585 1150 625 inde
1187 584 1386 625 derivata
1421 584 1549 624 lacus
1580 593 1623 625 et

144 659 330 713 paludes
367 660 606 702 effecerant
634 686 685 691 —
720 663 766 703 αἱ
794 663 870 704 γοῧ
896 662 1121 718 Εὐφράτου
1149 661 1435 716 παρεκχύσεις
1468 662 1514 702 αἱ
1541 681 1623 703 ποι-

141 740 268 781 οῧσαι
306 738 380 790 τὰς
416 740 516 795 πρὸς
550 741 599 796 τῇ
623 740 801 796 Ἀραβίᾳ
836 741 989 796 λίμνας
1026 740 1100 783 καὶ
1133 740 1183 783 Τὰ
1221 738 1290 793 ἕλη
1327 738 1502 792 πλησίου
1544 738 1622 781 εἰσὶ

142 818 210 869 τῆς
240 818 353 860 κατὰ
383 820 549 874 Πέρσας
576 818 811 873 ἓῑαλάττης,
852 820 989 874 inquit
1023 819 1185 860 Strabo
1204 818 1323 859 XVI.
1346 833 1390 871 p.
1409 817 1504 871 74’2,
1534 836 1621 858 ποι-

142 898 236 939 οῦσι
271 895 314 939 δὲ
343 899 382 939 οἱ
410 896 587 953 ποταλιιοὶ
626 892 739 940 οὗτοι
775 896 849 940 καὶ
881 899 926 940 αἱ
958 898 1025 940 ἀπ’
1057 899 1200 940 αὐτῶν
1235 894 1432 950 ἐκτροπαὶ
1470 894 1622 950 λίμνας

139 974 213 1017 καὶ
238 973 306 1028 ἕλη
328 974 604 1017 Ptolemaeus
618 975 666 1016 V.
680 976 796 1020 202,
812 1001 878 1027 ——‚
895 990 1007 1031 quae
1018 976 1212 1018 Arabiae
1229 975 1437 1015 desertae
1451 974 1621 1015 vicinae

138 1052 568 1108 ibide1n§.7.suisse
590 1053 888 1107 perhibentur.
933 1054 1058 1095 llaec
1088 1054 1219 1109 igitur
1244 1054 1361 1094 vada
1390 1053 1534 1095 illuvie
1564 1067 1620 1095 ac

136 1132 424 1185 voraginibus
483 1130 686 1186 squalida
729 1132 849 1172 circa
902 1145 998 1173 eum
1042 1131 1212 1184 locum,
1261 1132 1334 1172 ubi
1379 1131 1620 1186 Euphratis

139 1212 299 1252 ostium
330 1209 486 1262 fuerit,
530 1217 764 1263 antequam
794 1210 848 1249 ab
880 1208 1102 1249 Orchenis
1130 1208 1496 1263 praecluderetur
1531 1209 1618 1263 (cf.

138 1288 296 1345 §.1310
341 1304 419 1344 per
458 1288 637 1343 longum
680 1301 787 1328 orae
826 1296 1014 1329 tractum
1053 1288 1220 1342 porrigi
1260 1288 1399 1330 refert
1432 1288 1613 1330 Plinius.

138 1368 397 1422 Legendum
433 1375 501 1423 est
531 1367 680 1421 igitur:

191 1470 352 1523 Locus,
394 1469 470 1510 ubi
495 1468 734 1525 Euphratis
763 1470 917 1510 ostium
945 1467 1052 1524 fuit,
1092 1469 1343 1527 voraqini
1379 1467 1617 1508 similius

189 1563 339 1609 quam
368 1547 507 1588 mari
532 1561 624 1602 per
653 1547 691 1587 L
714 1548 766 1588 M
786 1562 830 1602 p.
864 1562 981 1599 orae,
1009 1546 1175 1605 flumen
1204 1546 1383 1589 Salsum
1412 1546 1488 1589 rel.

697 1696 788 1743 153
810 1696 1053 1756 :28‚32.
1641 1716 1722 1759 138

199 1849 267 1856 -—
297 1812 468 1884 gentes
499 1818 779 1867 Larendani
817 1828 866 1866 et
897 1818 1224 1878 Catabani,
1264 1817 1612 1867 Gebanitae

200 1910 420 1974 pluribus
457 1908 677 1974 oppidis,
719 1908 807 1956 scd
844 1907 1085 1956 maxumis
1121 1907 1277 1972 Nagia
1307 1915 1357 1955 et
1388 1908 1614 1956 Thomna

202 2000 495 2064 templorum
525 1999 684 2046 LXV.

245 2121 573 2163 Catabanorum
596 2128 730 2175 caput
746 2119 1068 2162 Eratosthenes
1088 2121 1205 2174 apud
1219 2120 1480 2163 Strabonem
1493 2121 1613 2162 XVI.

132 2216 174 2255 p.
194 2198 288 2242 768.
321 2200 488 2241 Tamna
518 2199 657 2242 fuisse
698 2208 851 2241 narrat
890 2214 1077 2254 eamque
1117 2199 1345 2241 turiferam
1386 2202 1612 2255 regionem

133 2294 258 2330 esse,
299 2294 412 2335 quae
453 2281 508 2320 ad
540 2279 650 2321 fines
682 2280 864 2320 Arabici
896 2280 1018 2320 sinus
1052 2280 1324 2335 porrigatur:
1353 2279 1613 2330 Gebanitas‚

133 2372 316 2412 quorum
346 2358 462 2399 infra
500 2359 768 2399 mentionem
807 2357 913 2398 fecit
941 2356 1104 2397 Plinius
1136 2358 1232 2398 Xll.
1259 2357 1333 2411 63,
1372 2371 1459 2398 non
1492 2372 1612 2399 com-

131 2445 357 2479 memorat,
423 2438 623 2491 Apparet
660 2438 790 2491 igitur
823 2436 866 2478 h'.
890 2437 912 2477 l.
945 2436 1143 2477 Thomna
1181 2451 1208 2478 a
1249 2437 1488 2478 Catabanis
1523 2451 1611 2477 non

131 2515 244 2555 bene
278 2517 493 2569 separari.
562 2516 758 2557 Fuerunt
793 2517 906 2557 enim
940 2524 982 2557 et
1021 2516 1092 2557 alii
1125 2516 1342 2557 Catabani
1373 2517 1414 2557 in
1444 2517 1612 2558 Arabia

133 2593 345 2646 Petraea,
387 2607 524 2648 supra
555 2594 608 2635 V.
629 2594 699 2634 65.
733 2596 1089 2648 commemorati,
1118 2609 1144 2636 a
1174 2596 1332 2650 quibus
1365 2595 1609 2636 Gebanitae

131 2673 393 2724 cognomine
427 2673 766 2726 distinguuntur.
824 2672 976 2726 ltaque
1010 2672 1210 2726 legamus
1242 2680 1442 2727 oportet:

519 2779 561 2815 et
599 2771 860 2815 Catabana·
889 2770 1200 2815 Gebanitae.

1300 2863 1327 2904 S
