1914 3237
233 288 289 332 36

314 161 368 204 26
929 159 1060 202 Liber
1086 162 1160 204 ΙΙ.

864 283 962 332 202
977 310 1028 331 =
1045 285 1126 347 87,
1145 286 1227 335 89.

379 396 551 443 Clarae
590 394 685 443 iam
727 395 919 460 pridem
956 397 1143 447 insulae
1178 399 1332 447 Delos
1370 405 1419 446 et
1447 398 1651 447 Rhodos
1683 416 1780 448 me-

377 485 560 533 moriae
596 486 870 550 produntur
899 495 1086 536 enatae.
1156 489 1340 537 Postea
1375 489 1613 550 minores,
1656 490 1782 537 ultra

375 576 541 624 Melon
579 578 812 642 Anaphe,
858 578 985 627 inter
1021 579 1264 627 Lemnum
1306 585 1354 626 et
1400 579 1779 642 Hellespontum

376 665 530 727 Neae,
562 666 690 715 inter
721 668 977 716 Lebedum
1013 676 1062 717 et
1098 670 1239 718 Teon
1271 670 1485 730 Halone,
1521 669 1649 717 inter
1682 669 1779 733 Cy-

376 758 537 805 cladas
562 758 911 823 olympiadis
929 759 1206 807 CXXXV.
1230 776 1371 809 anno
1394 767 1594 824 quarto
1612 760 1781 807 Thera

375 856 422 896 et
458 847 726 909 Therasia,
772 848 899 896 inter
934 849 1131 896 easdem
1169 857 1306 913 post
1343 866 1529 897 annos
1563 848 1778 897 CXXX

371 939 532 987 Hiera
553 937 821 1002 eademque
834 939 1095 986 Automate
1133 947 1182 986 et
1210 940 1268 986 ab
1300 954 1358 986 ea
1394 939 1583 987 duobus
1609 938 1778 987 stadiis

371 1035 485 1093 post
514 1044 665 1076 annos
696 1028 796 1076 CX
831 1028 881 1076 in
914 1036 1082 1078 nostro
1115 1046 1235 1078 aevo
1266 1030 1338 1078 M.
1357 1029 1500 1078 Iunio
1524 1029 1689 1078 Silano
1716 1029 1777 1077 L.

369 1120 557 1168 Balbo
592 1136 746 1168 coss.
781 1135 823 1167 a.
861 1120 907 1169 d.
947 1120 1091 1169 VIII.
1127 1120 1238 1169 idus
1275 1121 1424 1169 Iulias
1464 1120 1609 1168 Thia.

413 1232 589 1274 Nullum
612 1231 656 1272 in
680 1239 771 1273 toto
787 1232 985 1275 Pliniano
1005 1247 1142 1288 opere
1161 1233 1304 1275 locum
1331 1241 1486 1275 nostro
1515 1231 1688 1274 foedius
1704 1231 1777 1272 de-

302 1317 534 1365 pravatum
562 1310 960 1367 interpolatumque
982 1312 1179 1367 dixerim,
1209 1327 1296 1368 quo
1332 1319 1375 1354 et
1404 1313 1593 1354 omnium
1623 1318 1776 1353 aucto·

300 1404 395 1432 rum
434 1389 475 1430 in
511 1403 560 1431 re
590 1390 855 1444 gravissima
892 1391 1133 1433 consensui
1163 1399 1206 1433 et
1244 1392 1326 1433 sibi
1362 1392 1458 1446 ipse
1497 1392 1774 1433 librariorum

301 1482 457 1511 errore
487 1482 739 1524 repugnare
772 1469 988 1513 videatur.
1056 1470 1187 1518 Quod
1226 1471 1310 1512 iam
1343 1484 1369 1512 a
1401 1471 1543 1511 Petito
1576 1470 1775 1511 animad—

298 1561 477 1589 versum
509 1561 611 1590 esse
642 1561 669 1589 a
695 1547 863 1603 Silligio
896 1547 1044 1598 didici,
1079 1556 1275 1591 ceterum
1307 1550 1410 1605 quid
1440 1549 1510 1590 ille
1543 1547 1772 1590 Obss.1.1.

298 1641 339 1681 p.
360 1626 399 1668 9.
429 1627 678 1667 mutandum
712 1627 959 1676 censuerit,
999 1626 1073 1668 hic
1109 1635 1325 1670 terrarum
1360 1629 1628 1682 investigare
1672 1626 1774 1667 mihi

297 1720 385 1748 non
416 1705 545 1748 licuit.
607 1706 793 1746 Primum
826 1706 980 1761 ecquis
1004 1704 1140 1748 fando
1163 1707 1350 1757 audivit,
1387 1707 1703 1748 nobilissimam
1731 1712 1774 1747 et

297 1786 644 1840 antiquissimam
675 1784 862 1826 insulam
880 1785 1071 1826 Ther-am
1104 1786 1274 1827 recenti
1304 1792 1451 1827 aetate
1482 1799 1506 1826 e
1537 1786 1646 1826 mari
1673 1799 1772 1839 pro-

298 1865 451 1914 diisse,
485 1864 643 1905 deinde
676 1864 773 1919 quis
803 1877 993 1919 unquam
1025 1865 1195 1914 credat,
1223 1878 1316 1905 rem
1341 1877 1470 1919 quam
1493 1865 1589 1918 ipse
1608 1863 1771 1905 Plinius

296 1957 408 1985 aevo
439 1957 522 1985 suo
554 1943 776 1985 accidisse
806 1950 973 1995 narrat,
1007 1943 1060 1983 ad
1091 1942 1250 1983 falsum
1283 1956 1444 1983 annum
1476 1941 1664 1984 referri?
1714 1942 1772 1983 Ut

297 2024 408 2065 enim
440 2022 541 2063 hinc
571 2023 736 2063 initium
772 2022 1022 2077 disputandi
1057 2021 1153 2075 fiat,
1191 2036 1331 2076 prope
1362 2022 1551 2063 Theram
1585 2022 1771 2064 eandem

295 2101 497 2151 insulam,
528 2114 657 2156 quam
679 2101 840 2143 Plinius
855 2101 1008 2142 Thiam
1039 2101 1249 2155 appellat,
1277 2102 1611 2155 „spectantibus
1641 2101 1770 2143 nobis

295 2181 339 2222 in
370 2180 554 2235 Aegaeo
584 2180 692 2222 mari
725 2181 930 2222 enatam“
961 2179 1136 2221 Seneca
1163 2180 1264 2221 Nat.
1287 2180 1529 2227 Qu.Vl.‘·21.
1558 2187 1600 2221 et
1629 2181 1679 2221 ll.
1701 2179 1769 2221 26.

296 2266 634 2310 commemorat,
671 2273 825 2301 verum
855 2257 1036 2300 Valerio
1067 2258 1268 2300 Asiatico
1306 2259 1460 2300 iterum
1504 2257 1689 2300 consule
1725 2258 1769 2298 id

295 2339 520 2380 accidisse
549 2345 712 2379 narrat.
768 2338 853 2385 Qui
881 2352 996 2379 anno
1021 2351 1062 2382 3.
1081 2353 1121 2380 u.
1143 2353 1180 2381 c.
1200 2338 1471 2380 DCCXClX.
1505 2343 1621 2387 (utar
1652 2336 1766 2378 enim

296 2418 576 2459 varroniana
614 2431 722 2459 aera
757 2417 913 2458 eadem
957 2431 1044 2472 qua
1087 2417 1273 2467 Plinius)
1310 2418 1406 2459 sive
1444 2432 1483 2471 p.
1505 2416 1609 2458 Chr.
1631 2430 1674 2460 n.
1692 2415 1763 2456 46.

295 2498 450 2540 iterum
486 2497 642 2539 consul
675 2496 755 2539 fuit
791 2497 966 2550 collega
995 2496 1057 2537 M.
1086 2497 1206 2538 lunio
1239 2496 1416 2547 Silano,
1454 2509 1581 2552 quem
1610 2501 1765 2537 nostro

295 2590 470 2632 quoquc
499 2576 598 2618 loco
629 2576 842 2617 nominari
873 2575 1087 2617 videmus.
1125 2575 1407 2619 Manifestum
1430 2583 1497 2617 est
1516 2575 1766 2630 igitur-eun-

297 2656 395 2696 dem
427 2669 586 2696 annum
614 2654 868 2711 significari.
933 2654 1046 2695 Nam
1082 2655 1198 2710 quod
1231 2653 1362 2709 vulgo
1392 2655 1565 2696 additur
1596 2653 1645 2694 L.
1666 2652 1765 2693 Bal·

294 2735 396 2786 bus,
425 2734 467 2774 id
496 2734 682 2775 Barbari
715 2733 975 2775 coniectura
1003 2732 1169 2775 sactum
1201 2741 1270 2776 est
1298 2747 1484 2788 prorsus
1515 2733 1763 2774 temeraria.

293 2813 393 2855 Fuit
429 2813 603 2868 quidem
637 2813 685 2856 L.
716 2814 956 2856 Norbanus
987 2812 1151 2855 Balbus
1182 2812 1240 2856 M.
1267 2813 1375 2854 lunii
1405 2811 1544 2854 Silani
1579 2812 1622 2854 in
1658 2825 1766 2853 con-
