1914 3237
141 1408 196 1448 20

139 2528 189 2568 ‘21

224 219 277 260 16
843 215 976 258 Liber
1002 217 1078 259 ΙΙ.

223 342 441 384 scribunt:
472 340 658 393 impares
685 337 878 382 R2TPd
911 342 1033 395 (nam
1062 341 1103 383 K
1124 342 1149 382 i.
1172 354 1210 383 c.
1242 348 1434 383 veterem
1465 342 1694 385 Dalecam-

223 421 282 475 pii
312 433 392 474 pro
425 417 582 458 codice
611 417 694 460 Ms.
726 432 813 460 non
845 419 1023 474 habeo),
1056 420 1214 475 impari
1239 420 1301 461 R1
1331 446 1377 452 —
1408 423 1581 462 numeri
1608 422 1693 463 'Pd1

222 511 422 538 numeres
439 496 499 538 R1
524 498 715 538 numeris
731 497 805 551 R2,
835 499 950 540 unde
971 499 1101 540 Ianus
1134 498 1233 539 dum
1264 499 1373 540 miro
1405 501 1565 543 iudicio
1587 515 1695 543 con-

221 577 311 618 iicit
340 576 512 616 ntuneri
538 576 714 617 nimium
745 576 999 618 mulieribus
1035 578 1211 619 videtur
1240 577 1456 620 tribuisse.
1519 579 1696 622 Poterat

221 664 367 698 tamen
405 654 473 696 vel
515 667 542 695 a
585 654 815 696 Macrobio
852 669 934 697 suo
973 656 1030 697 ad
1074 656 1220 698 Somn.
1254 656 1481 711 Scip.1,6.
1514 657 1696 700 meliora

222 735 372 778 doceri
404 734 476 788 qui
504 733 605 775 loco
637 734 720 775 iam
754 735 808 776 ab
839 734 1065 777 Harduino
1095 735 1276 777 laudato
1309 736 1519 789 imparem
1550 750 1695 778 nume,

220 829 314 857 rum
358 826 522 855 marem
560 821 602 854 et
642 826 793 866 parem
834 812 1038 855 feminam
1068 814 1221 855 vocari
1254 815 1442 855 tradidit.
1516 813 1696 856 Scilicet

220 908 349 949 quum
380 906 467 934 non
498 891 541 932 in
572 898 800 933 ventorum
833 899 1000 934 tantum
1028 891 1205 934 flatibus
1233 893 1316 934 sed
1347 905 1486 947 saepe
1516 900 1696 946 praete-

220 987 297 1015 rea
324 974 534 1025 imparem
574 983 800 1011 numerum
829 971 983 1012 valere
1012 972 1301 1013 observasset
1334 970 1510 1022 Plinius,
1541 984 1697 1012 nume-

219 1065 367 1093 rorum
399 1050 441 1090 in
472 1050 723 1091 universum
755 1049 1104 1091 distributionem
1135 1050 1235 1091 inde
1271 1049 1437 1091 saetam
1469 1063 1572 1092 esse
1602 1050 1694 1091 ani-

220 1129 462 1173 madvertit.
533 1128 690 1170 Deleta
729 1129 859 1183 igitur
898 1128 1045 1171 littera
1075 1143 1097 1171 s
1137 1142 1249 1185 quae
1279 1130 1321 1171 in
1353 1129 1405 1172 R.
1440 1143 1463 1172 c
1492 1130 1695 1185 proxima

219 1222 334 1252 voce
363 1207 427 1249 sol
459 1207 592 1262 priori
623 1207 841 1259 adhaesit,
870 1207 1156 1249 scribendum
1191 1215 1282 1249 cst:

276 1302 418 1330 mares
448 1289 595 1349 itaque
623 1287 934 1328 existimantur
962 1287 1147 1343 impares
1175 1287 1358 1327 numeri.

772 1389 866 1436 131
890 1414 935 1432 =
959 1388 1041 1450 48,
1062 1389 1143 1437 49.

289 1482 378 1531 Sin
416 1496 535 1530 vero
578 1479 815 1543 deprcsso
862 1485 967 1527 sinu
1012 1479 1164 1527 artius
1203 1479 1348 1528 rotati
1394 1477 1694 1542 effregerunt

286 1571 493 1635 (nubem
512 1568 741 1634 flatus),
779 1569 884 1617 sine
925 1570 1036 1634 igne
1083 1569 1201 1636 [hoc
1243 1582 1311 1617 est
1356 1575 1450 1616 sinc
1491 1568 1691 1635 fulmine]

287 1663 519 1713 verticem
566 1659 774 1721 faciunt,
817 1659 898 1724 qui
942 1660 1131 1725 typhon
1175 1663 1377 1706 vocatur
1421 1656 1562 1724 [hoc
1600 1667 1694 1706 est

286 1752 563 1802 vibratus
601 1749 972 1816 ecnephias].

331 1851 569 1895 Manifesto
608 1849 878 1905 glossemate
919 1849 1062 1891 rarior
1097 1861 1206 1889 usus
1241 1848 1368 1889 vocis
1405 1848 1537 1904 ι’φιίε,
1578 1861 1692 1903 quae

218 1932 398 1988 saepius
420 1944 445 1971 a
462 1930 669 1971 Lucretio
682 1929 759 1973 VI.
776 1928 842 1971 87.
862 1942 972 1984 sqq.‚
1003 1928 1133 1970 etiam
1161 1938 1187 1966 a
1207 1925 1383 1967 Seneca
1401 1926 1452 1967 N.
1468 1926 1550 1974 Qu.
1569 1925 1614 1968 V.
1630 1926 1691 1967 12.

219 2020 262 2054 et
299 2011 395 2053 aliis
439 2022 521 2065 pro
558 2008 735 2050 fulmine
766 2007 1018 2058 adhibetur,
1063 2004 1319 2059 explicatur.
1378 2004 1484 2045 Item
1524 2005 1565 2045 in
1606 2005 1691 2046 fine

218 2090 465 2134 sententiae
485 2102 511 2129 a
531 2089 660 2129 docto
684 2086 1005 2142 interpolatore
1026 2085 1192 2141 typhon
1205 2085 1353 2126 verbis
1375 2082 1453 2124 Ιιοο
1470 2089 1533 2123 est
1550 2082 1691 2123 vibra-

220 2178 287 2212 tus
315 2167 541 2221 ecnephias
569 2166 822 2217 illustratur,
855 2179 984 2221 quum
1016 2172 1161 2205 tamen
1193 2162 1357 2218 typhon
1390 2162 1444 2202 ab
1473 2160 1692 2215 ecnephia

218 2264 320 2292 mox
351 2247 504 2301 §.1355
541 2246 844 2300 distinguatur.
925 2244 1094 2292 Quibus
1129 2242 1281 2284 eiectis
1319 2253 1529 2296 germana
1569 2238 1689 2281 Plinii

217 2329 359 2372 verba
387 2328 500 2368 haec
525 2324 746 2366 evadunt:

274 2408 369 2448 sine
399 2406 495 2464 ique
520 2403 722 2444 verticem
753 2400 948 2457 faciunt,
985 2401 1061 2461 qni
1093 2397 1247 2454 typhon
1278 2401 1467 2437 vocatur.

771 2503 864 2551 134
885 2529 933 2549 =
955 2502 1035 2563 49,
1057 2502 1137 2550 50.

288 2599 373 2647 Fit
404 2604 453 2644 et
471 2595 640 2660 calligo
667 2595 856 2643 belluae
887 2592 1135 2652 similis,
1155 2591 1306 2638 nube
1340 2588 1445 2636 dira
1466 2586 1687 2650 navigan-

285 2689 430 2737 tibus.
455 2716 522 2721 —
543 2687 762 2734 Vocatur
799 2691 847 2732 ct
884 2685 1121 2743 columna,
1162 2697 1270 2728 cum
1291 2679 1527 2743 spissatus
1550 2693 1689 2724 umor

285 2780 549 2844 rigensque
580 2777 686 2840 ipse
718 2793 770 2823 se
793 2774 1026 2833 sustinet3
1058 2789 1121 2819 cx
1142 2770 1314 2818 eodem
1346 2783 1527 2832 genere
1563 2774 1611 2813 et
1639 2766 1685 2813 in

285 2871 478 2934 longum
518 2867 666 2917 veluti
699 2866 861 2915 fistula
899 2858 1131 2930 [nubes]
1172 2875 1341 2923 aquam
1386 2857 1546 2905 trahit.
