1914 3237
736 166 855 204 Liber
884 167 1015 206 XXX
1023 166 1087 206 VI.
1558 164 1639 208 233

223 299 384 349 portari
424 298 577 336 silentio
622 299 758 346 lequm.
818 297 917 346 ,Sed
951 297 1123 345 publicis
1171 299 1353 337 nimirum
1397 297 1640 347 indulqentes

228 375 528 426 voluptatibus‘:
558 376 601 414 id
629 377 754 424 ipsum
784 376 884 414 cur?
913 372 987 413 rel.

519 456 580 501 67
617 475 663 494 =
702 453 827 509 9‚14.
889 450 980 512 (de
1020 450 1291 511 obelisco).

238 540 569 589 Alexandriae
629 539 794 588 statuit
845 553 993 587 unum
1043 538 1358 589 Ptolemaeus
1394 538 1642 588 Philadel-

240 627 366 693 phus
412 657 468 663 -—
525 628 777 677 exciderat
822 642 930 676 eum
986 625 1282 676 Nectanebis
1351 627 1642 687 (Necthebis

239 715 343 766 Sili.
382 716 508 775 lan.)
551 731 636 765 rex
674 731 868 780 purum,
926 715 1180 779 maiusque
1227 730 1352 780 opus
1404 716 1451 765 in
1490 717 1642 766 (leve-

238 804 401 854 hendo
440 803 767 853 statuendove
803 803 953 852 multo
992 818 1134 867 quam
1172 803 1219 851 in
1258 804 1552 854 excidendo,

283 893 349 934 Ita
380 892 466 933 Sill.
506 892 590 932 Ian.
624 892 797 932 verbum
835 891 941 944 ,fuit‘
987 891 1122 932 omitti
1153 905 1279 946 posse
1309 893 1411 945 rati,
1461 906 1483 933 e
1514 892 1642 933 Bam-

173 971 372 1025 bergensi
400 976 513 1025 puta.
555 969 665 1017 Quid
697 974 837 1010 autem
868 969 940 1010 ille
968 969 1170 1011 exhibet?
1201 983 1353 1023 nempe
1383 976 1541 1012 mullum
1572 979 1642 1023 est,

171 1049 240 1090 hic
271 1062 439 1103 quoque
470 1061 571 1102 prae
601 1048 752 1088 ceteris
783 1047 956 1103 egregia
979 1047 1062 1088 fide
1092 1048 1283 1103 insignis;
1316 1050 1500 1091 servavit
1531 1050 1642 1090 enim

171 1125 381 1181 participii
411 1125 751 1166 terminationem
775 1139 883 1181 quae
913 1126 955 1166 in
973 1125 1108 1166 VRd
1138 1127 1180 1167 in
1211 1128 1369 1180 ,multo‘
1399 1128 1515 1180 abiit⁷
1545 1141 1642 1183 pas-

173 1208 251 1249 sivi
279 1207 545 1262 participium
579 1206 693 1258 dico,
731 1221 828 1247 nam
860 1220 883 1247 e
912 1208 995 1248 levi
1026 1209 1266 1263 corruptela
1328 1198 1528 1248 multum
1600 1209 1643 1250 id

173 1289 286 1345 quod
316 1290 528 1330 sententia
568 1289 650 1329 loci
680 1289 904 1344 requiritur
944 1290 1176 1330 restituitur
1210 1280 1477 1328 inuentum.
1510 1287 1642 1329 Vides

171 1380 335 1420 litteras
367 1384 414 1416 n]
444 1384 485 1419 ot
516 1369 529 1417 l
562 1393 615 1420 ex
644 1379 708 1420 his
743 1379 873 1434 signis
906 1369 951 1417 ll]
985 1384 1026 1419 et
1048 1361 1082 1419 b
1114 1379 1276 1420 effictas
1308 1392 1415 1419 esse.

338 1469 690 1519 69=ibidem.
735 1470 824 1530 (de
862 1468 1081 1520 obelisco
1119 1469 1508 1527 Alexandrino).

235 1557 493 1607 navalibus
541 1558 906 1608 incommodum
944 1557 1179 1607 Maximus
1225 1555 1457 1622 [quidem]
1504 1573 1643 1623 prae-

237 1646 394 1696 fectus
433 1644 685 1713 [Aegyptil
712 1645 965 1696 transtulit
998 1647 1046 1695 in
1082 1646 1240 1695 forum
1277 1644 1362 1695 rel.

281 1734 474 1775 Pessimo
506 1734 699 1790 exemplo
732 1734 819 1775 Sill.
851 1749 874 1776 e
910 1735 1106 1789 pessimis
1138 1734 1254 1775 libris
1297 1733 1548 1789 particulam
1576 1747 1642 1774 re-

171 1813 284 1868 cepit
330 1825 439 1867 quae
483 1812 584 1867 quid
627 1812 707 1853 hoc
736 1812 907 1867 quidem
950 1813 1042 1854 loco
1075 1813 1154 1854 sibi
1196 1812 1316 1865 velit,
1361 1825 1414 1852 ne
1465 1811 1644 1853 divinari

171 1890 343 1946 quidem
372 1891 483 1932 licet.
542 1890 674 1931 Recte
705 1891 833 1946 igitur
863 1895 905 1932 et
949 1905 1028 1946 ego
1061 1895 1103 1932 et
1131 1890 1260 1932 Ianus
1292 1893 1453 1941 quidam
1483 1891 1642 1945 recepi-

171 1983 286 2022 mus,
325 1983 433 2024 quae
464 1982 546 2009 vox
577 1969 724 2024 optimi
754 1968 1083 2024 Bambergensis
1122 1974 1165 2010 et
1202 1969 1409 2010 bonorum
1439 1968 1644 2010 librorum

172 2047 207 2088 V
239 2048 279 2089 R
309 2047 336 2088 d
359 2061 568 2088 consensu
600 2048 880 2090 confirmatur.
914 2048 970 2088 At
1007 2049 1117 2089 enim
1148 2047 1348 2103 ,quidani‘
1379 2047 1441 2088 vir
1469 2047 1643 2088 illustris

171 2126 502 2180 notissimusque
553 2126 628 2175 (cf.
666 2125 711 2166 O.
751 2125 883 2167 Inscr.
926 2126 997 2168 Gr.
1027 2126 1147 2170 4956.
1178 2127 1252 2179 27,
1298 2126 1476 2167 Henzen
1516 2127 1643 2167 Inscr.

170 2205 264 2246 Lat.
296 2205 404 2248 6956
436 2205 483 2259 a)
519 2218 544 2245 a
573 2204 710 2245 Plinio
743 2206 882 2245 vocari
913 2219 997 2246 non
1027 2207 1176 2260 potuit.
1221 2204 1361 2246 Audio
1394 2219 1530 2261 neque
1560 2205 1644 2246 Pli-

172 2284 287 2323 nium
318 2282 546 2337 quidquam
586 2282 665 2323 nisi
696 2282 777 2323 hoc
809 2283 1030 2338 scripsisse
1071 2297 1325 2339 persuasum
1355 2284 1514 2326 habeo:
1558 2287 1644 2324 Ma-

170 2366 303 2402 ximus
328 2364 570 2413 praefectum
598 2360 649 2401 cf.
682 2361 801 2403 XIX.
833 2363 870 2415 3,
903 2363 1224 2417 grammaticum
1257 2367 1397 2404 autem
1428 2363 1559 2417 illum,
1590 2363 1643 2404 de

171 2453 253 2494 quo
285 2440 454 2494 saepius
485 2453 553 2480 me
591 2440 707 2494 loqui
746 2441 941 2494 memini,
989 2455 1072 2496 qua
1119 2441 1307 2497 pollebat
1346 2442 1558 2495 doctrina,
1600 2442 1643 2482 in

170 2518 360 2573 margine
392 2524 642 2560 annotasse:
684 2523 845 2569 quidam
872 2523 1105 2571 praefectus
1136 2526 1318 2575 Aeyypti.

550 2628 610 2673 99
633 2647 676 2664 =
701 2626 854 2683 15‚23.
909 2625 999 2684 (de
1038 2625 1264 2690 Cyzico).

240 2713 428 2764 Eodem
463 2714 510 2763 in
548 2714 731 2779 oppido
783 2719 857 2763 est
893 2713 1017 2779 lapis
1069 2715 1306 2779 fugitivus
1344 2716 1643 2782 appellatus3

234 2803 555 2867 Argonautae
593 2817 651 2852 eo
691 2817 777 2867 pro
816 2818 996 2853 ancora
1033 2803 1107 2853 usi
1143 2804 1440 2870 reliquerant
1474 2806 1555 2856 ibi.

1669 421 1748 489 '791

1672 1461 1753 1506 792

1673 2641 1753 2684 793
