1914 3237
203 717 285 763 560

196 1687 276 1729 561

191 2538 273 2581 562

318 147 400 199 148
901 150 1018 198 Liber
1047 159 1134 198 XX
1141 152 1206 200 VJ.

427 284 565 333 Quam
595 286 714 327 uncis
745 286 993 328 inclusimus
1033 287 1245 329 sententia
1274 286 1373 328 ferri
1409 287 1592 329 fortasse
1620 292 1779 343 posset,

317 364 352 404 si
392 377 504 404 nunc
543 365 721 419 primum
762 364 1068 420 phagedaenae
1112 366 1269 406 mentio
1315 365 1446 408 fieret.
1502 364 1626 407 Nunc
1666 378 1780 418 vero,

319 454 445 496 quum
463 440 624 483 Plinius
656 442 739 483 iam
757 441 853 485 XX.
876 443 942 496 27,
972 442 1132 484 XXIV.
1154 444 1234 486 110
1262 443 1406 485 ulcera
1434 456 1528 485 esse
1557 443 1780 496 monuerit,

317 518 494 574 alteram
526 524 666 561 autem
700 521 1050 575 significationem
1088 521 1205 562 verbi
1236 535 1443 576 nusquam
1474 521 1680 577 attigerit,
1717 521 1780 562 in-

315 601 694 651 terpretamentum
725 598 907 639 hominis
935 612 1019 639 non
1050 598 1208 640 indocti
1238 598 1464 640 delendum
1496 612 1591 640 esse
1611 612 1780 641 censeo.

860 680 951 726 116
989 693 1033 711 ³2
1078 679 1232 736 11,71.

376 763 624 829 Buglosso
661 764 992 823 inarescente,
1046 764 1087 814 si
1123 763 1231 829 quis
1275 763 1536 813 medullam
1574 780 1600 814 e
1638 764 1777 814 caule

376 854 554 901 eximat
593 852 819 917 dicatque
857 852 920 901 ad
957 866 1101 916 quem
1137 851 1441 902 liberandum
1466 852 1589 902 febri
1623 852 1673 902 id
1709 852 1779 902 fa-

378 940 472 990 ciat
526 946 573 990 et
601 932 603 934 ’
628 939 798 1004 alliget
856 941 899 990 ei
951 945 1141 1005 septem
1192 939 1309 990 solia
1357 969 1414 977 —
1468 941 1602 990 aiunt
1655 940 1778 990 febri

372 1028 589 1090 liberari3
659 1029 776 1078 item
830 1028 1121 1078 Vettonicae
1177 1028 1457 1078 drachmam
1517 1029 1564 1078 in
1619 1044 1775 1094 aquae

376 1116 562 1167 mulsae
601 1117 791 1182 cyathis
827 1117 980 1167 tribus
1018 1122 1110 1167 etc.

418 1206 466 1247 In
498 1220 608 1261 aqua
656 1206 793 1246 mulsa
822 1206 982 1246 nullum
1024 1205 1379 1247 medicamentum
1422 1205 1513 1246 fieri
1554 1209 1696 1260 potest
1730 1209 1776 1246 ut

309 1285 524 1340 alligetur:
558 1288 736 1340 apparet
766 1284 1055 1325 accusativum
1086 1298 1231 1326 casum
1258 1297 1364 1325 voce
1382 1286 1527 1324 dedere
1547 1282 1637 1338 regi
1666 1295 1774 1338 quae

308 1363 351 1403 in
380 1363 573 1417 proximo
608 1362 823 1418 superiore
855 1376 983 1403 sensu
1011 1362 1179 1417 legitur,
1212 1367 1339 1418 atque
1369 1361 1499 1404 verba
1528 1364 1773 1413 baulos-eo*

306 1444 483 1493 liberari,
515 1442 693 1482 aPlinio
724 1445 770 1482 ut
801 1440 966 1481 videtur
995 1440 1176 1495 margini
1207 1440 1353 1482 addita
1382 1454 1466 1482 non
1497 1440 1638 1481 media
1666 1440 1776 1481 inter

307 1520 714 1562 medicamentorum
745 1520 934 1560 ordinem
966 1519 1215 1560 collocanda
1245 1519 1320 1560 sed
1350 1519 1392 1560 in
1422 1518 1505 1560 fine
1536 1518 1666 1560 totius
1694 1518 1774 1559 loci

307 1600 446 1640 verbis
477 1602 735 1640 aristolochia
760 1600 1090 1651 perfrictionibus
1117 1601 1264 1639 resistit
1293 1597 1466 1653 adiungi
1497 1596 1667 1638 debere.

897 1691 1230 1747 121=11‚74.

370 1778 478 1844 Igni
512 1794 652 1828 sacro
689 1778 947 1827 medentur
981 1778 1268 1828 aizoum...
1306 1776 1661 1842 mandragorae
1699 1790 1774 1824 ra-

371 1868 467 1926 dix,
504 1896 565 1903 —
602 1871 798 1916 secatur
848 1866 894 1915 in
933 1881 1072 1915 asses
1109 1871 1160 1915 ut
1196 1865 1414 1915 cucumis
1468 1864 1771 1930 primumque

369 1970 518 2020 super
552 1958 762 2004 mustum
798 1954 1140 2019 suspenditur,
1192 1969 1305 2004 mox
1349 1953 1397 2001 in
1444 1952 1602 2011 fumo,
1657 1938 1770 2001 dein

369 2044 586 2093 tunditur
622 2059 648 2092 e
685 2043 798 2092 vino
836 2047 918 2091 aut
952 2046 1093 2092 aceto
1131 2056 1270 2106 seqq.

412 2131 527 2173 Leve
558 2133 706 2173 vitium
742 2130 1082 2186 interpunctione
1113 2134 1277 2171 mutata
1315 2128 1548 2184 corrigitur.
1606 2126 1715 2168 Nam
1746 2139 1769 2167 e

304 2212 399 2252 vino
430 2211 552 2250 radix
582 2224 666 2251 non
697 2210 887 2251 tunditur
917 2208 993 2249 sed
1022 2207 1230 2260 medetur,
1262 2206 1313 2249 cf.
1332 2205 1653 2262 Theophrastus
1672 2203 1769 2246 hist.

302 2288 431 2343 plant.
463 2287 538 2329 IX.
570 2288 607 2331 9.
641 2291 676 2330 1.
708 2289 856 2343 Itaque
887 2291 982 2340 post
1011 2301 1050 2328 v.
1082 2290 1261 2327 tunditur
1291 2289 1355 2326 est
1384 2281 1768 2339 interpungendum

303 2367 444 2421 itaque
464 2367 580 2407 finita
610 2365 855 2421 parenthesi
880 2378 983 2406 voce
1013 2363 1229 2418 ,tunditur‘
1261 2361 1548 2404 continuanda
1579 2365 1643 2402 est
1673 2372 1767 2401 ora-

303 2445 382 2485 tio:
423 2448 599 2486 [unditur
632 2469 678 2473 —
710 2457 731 2484 e
761 2449 865 2485 vino.

856 2536 946 2582 127
982 2546 1024 2564 =
1064 2535 1222 2594 1239.

366 2622 479 2670 item
516 2637 641 2686 quae
674 2627 916 2671 contunsa
953 2621 1048 2669 sint
1085 2619 1384 2682 duritiasque
1412 2623 1460 2667 et
1497 2617 1631 2666 sinus
1659 2631 1766 2667 cor-

365 2711 498 2776 poris
534 2709 767 2760 illecebra
809 2714 1025 2770 (sanat).

409 2798 661 2839 Rectissime
692 2798 913 2838 Pintianus
954 2798 1105 2850 ‚sinum
1136 2795 1339 2851 corporis‘
1369 2794 1525 2835 malum
1557 2807 1641 2834 non
1671 2805 1765 2834 esse

299 2876 414 2929 vidit,
446 2883 643 2931 recteque
674 2876 785 2916 idem
817 2880 926 2916 sinus
953 2880 1123 2916 ulcerum
1150 2872 1332 2915 XXVII.
1363 2873 1416 2916 63
1446 2870 1766 2913 commemorari
