1914 3237
147 444 225 492 701

150 2326 231 2370 702

260 159 338 203 196
836 163 956 201 Liber
985 163 1149 205 XXXI.

258 290 461 345 largiores
492 289 601 331 lacte
631 289 847 344 multoque
887 291 1093 345 gratiores
1124 291 1235 332 casei
1268 289 1380 331 dote‘
1410 289 1599 345 scripsit,
1638 289 1722 331 for-

256 372 371 409 tasse
401 371 530 410 recte.

808 449 872 497 88
898 467 937 509 ς
959 446 1154 495 ibidem.

323 534 550 597 adeoque
587 534 915 582 necessarium
955 533 1246 582 elementum
1285 537 1359 581 est
1397 538 1445 581 ut
1483 532 1723 581 transierit

320 620 597 670 intellectus
652 621 710 669 ad
765 621 1042 685 voluptates
1098 620 1240 669 animi
1289 635 1510 683 quoque;
1561 634 1722 669 seom-

324 714 450 757 mata
486 709 616 758 sales
652 708 958 774 appellantur
992 708 1247 771 omnisque
1288 707 1415 756 vitae
1452 705 1593 772 lepos
1631 745 1641 756 .
1671 745 1679 755 .
1710 745 1719 754 .

322 812 418 847 non
455 796 549 846 alio
587 797 744 861 inagis
780 796 1024 847 vocabulo
1062 800 1267 846 constat,

367 884 478 932 Quid
508 886 719 926 sententia
748 884 1008 939 requiratur,
1052 883 1260 924 intellexit
1303 882 1473 937 quidem
1503 881 1723 922 Pintianus

258 962 334 1003 sed
365 962 535 1003 nomine
556 963 778 1017 peregrino
798 962 908 1003 male
931 961 1159 1016 expressit3
1190 961 1260 1016 qui
1282 965 1423 1001 autem
1448 959 1502 1000 ad
1523 959 1722 1001 librorum

260 1041 378 1082 MSS.
396 1041 646 1095 scripturam
663 1041 834 1096 propius
854 1054 899 1080 se
930 1039 1130 1094 applicuit
1147 1038 1276 1079 Ianus
1298 1038 1488 1079 subiecto
1509 1051 1554 1078 se
1578 1050 1721 1079 carere

256 1132 382 1174 posse
412 1119 588 1173 putavit.
648 1116 730 1164 Qui
761 1129 869 1171 quae
900 1117 1070 1158 lectioni
1100 1130 1126 1158 a
1156 1117 1241 1159 Sill.
1277 1120 1474 1172 receptae
1506 1115 1722 1157 substituit

256 1196 465 1249 ‚nimirum
499 1209 524 1236 a
554 1196 642 1237 sale
672 1196 754 1250 ap.‘
786 1200 1011 1251 propterea
1044 1208 1128 1236 non
1157 1195 1335 1236 ferenda
1374 1206 1468 1235 esse
1499 1193 1723 1245 contendo,

256 1275 357 1330 quia
379 1288 461 1315 non
481 1287 629 1315 omnes
655 1273 784 1314 animi
799 1273 1037 1328 voluptates
1068 1287 1094 1314 a
1117 1273 1205 1314 sale
1230 1271 1509 1328 appellantur,
1541 1270 1616 1312 sed
1644 1271 1724 1312 ioci

257 1353 465 1408 salesque.
525 1352 587 1394 Eo
617 1353 745 1407 igitur
775 1352 949 1392 consilio
982 1351 1035 1392 ad
1067 1351 1300 1393 litterarum
1340 1349 1487 1391 ductus
1519 1348 1723 1390 acceden-

257 1431 356 1472 dum
388 1437 472 1485 est,
517 1435 564 1472 ut
591 1431 777 1471 iocorum
826 1430 1078 1471 vocabulum
1107 1429 1205 1470 inde
1248 1428 1524 1483 expiscemur.
1582 1427 1724 1482 Atque

256 1511 361 1551 haec
394 1510 435 1550 in
467 1510 582 1550 libris
613 1508 732 1551 MSS.
764 1509 985 1563 leguntur:
1037 1512 1158 1549 animi
1187 1520 1342 1558 quoque
1371 1509 1491 1546 nimia
1517 1509 1602 1546 sale
1635 1509 1723 1557 (sa-

257 1594 310 1630 les
329 1588 426 1644 R2).
459 1587 592 1641 Quae,
624 1586 696 1628 ubi
727 1586 867 1627 animo
886 1586 1148 1641 reputaveris
1165 1584 1507 1626 terminationem
1534 1596 1610 1634 que
1625 1582 1727 1623 nihil

259 1680 353 1707 esse
372 1666 452 1707 nisi
478 1679 533 1719 ce,
566 1679 690 1721 quam
724 1665 956 1719 scripturae
987 1663 1341 1719 permutationem
1372 1675 1427 1703 ne
1460 1661 1512 1702 ab
1544 1661 1726 1716 impera-

259 1754 397 1787 torum
416 1744 586 1800 quidem
603 1747 742 1784 aetate
759 1756 931 1798 prorsus
943 1742 1122 1783 alienam
1146 1755 1239 1784 esse
1255 1741 1322 1783 vel
1336 1740 1554 1782 notissimo
1568 1740 1726 1794 templo

259 1824 473 1864 Fortunae
502 1823 712 1877 huiusque
748 1821 830 1862 diei
861 1821 1198 1873 demonstratur,
1240 1818 1457 1860 vocabulis
1506 1821 1620 1858 recte
1666 1816 1726 1857 di-

260 1902 423 1942 stinctis
454 1901 687 1956 paucisque
717 1899 912 1940 litterulis
943 1900 1132 1952 mutatis,
1162 1899 1221 1939 ita
1256 1896 1699 1951 emendariapparet:

315 1983 458 2032 animi,
490 1983 594 2020 ioci
624 1983 747 2019 enim
781 1992 806 2018 (ι
834 1982 941 2018 sale
970 1981 1228 2029 appellantur.

373 2058 408 2112 §-
441 2058 494 2100 94
525 2061 784 2098 lautissimum
826 2055 962 2096 scribo
994 2069 1087 2096 eum
1118 2055 1157 2095 R
1180 2055 1216 2094 V
1235 2086 1245 2106 ,
1290 2066 1373 2094 non
1405 2055 1729 2103 laudatissimum,
1768 2050 1775 2054 ”

261 2138 298 2190 ξ.
329 2137 382 2179 98
413 2150 505 2177 cum
538 2135 577 2176 R
599 2134 625 2175 d
669 2135 842 2176 verbum
884 2142 941 2173 est
983 2147 1093 2188 pone
1123 2147 1159 2174 v.
1196 2136 1312 2182 iqnea
1343 2131 1528 2182 colloco,
1582 2129 1619 2184 §.
1651 2129 1729 2171 102

261 2215 442 2269 priorem
474 2213 834 2269 praepositionem
865 2217 904 2253 in
939 2211 1226 2266 dittographia
1256 2214 1389 2251 ortam
1421 2221 1515 2250 esse
1545 2213 1659 2263 puto.

840 2294 930 2340 104
950 2311 1008 2330 =
1027 2294 1152 2348 9A5.

328 2380 690 2430 crocodilorum
746 2379 986 2429 morsibus
1053 2376 1232 2436 (saleni
1283 2375 1587 2440 imposuere)
1669 2389 1727 2422 ex

326 2473 465 2518 aceto
505 2468 549 2516 in
588 2466 801 2516 linteolis
854 2467 917 2515 ita
955 2471 1004 2514 ut
1054 2466 1368 2515 batue1·e11tui·
1421 2466 1532 2511 ante
1570 2461 1729 2509 vincta

330 2555 506 2605 ulcera.

346 2648 508 2684 vinculis
531 2644 674 2696 Ianus,
705 2646 769 2684 hic
790 2643 828 2683 V
843 2642 868 2683 d
900 2646 962 2683 inc
976 2641 1032 2682 Rl
1052 2645 1195 2683 icluum
1212 2640 1270 2680 R2
1301 2652 1323 2679 e
1354 2639 1379 2680 i.
1402 2651 1437 2679 e.
1470 2645 1559 2678 ante
1590 2641 1730 2678 vinc-

264 2731 432 2763 turam.
458 2721 612 2762 Ulcera
628 2726 854 2776 antequam
875 2720 1021 2761 vinciri
1040 2719 1294 2773 coepissent,
1313 2729 1476 2757 veneno
1497 2715 1730 2756 liberaban-

263 2806 342 2854 tur,
357 2799 468 2856 quod
483 2799 581 2840 batu
588 2813 637 2840 en
644 2798 696 2839 do
708 2804 752 2839 ut
764 2800 881 2839 fieret
890 2797 1041 2838 medici
1055 2798 1372 2851 praeceperant,
1390 2798 1477 2834 tum
1489 2795 1530 2835 in
1541 2794 1733 2835 vinctura
