1914 3237
218 214 269 255 14
840 208 972 252 Liber
1001 209 1060 252 ΙΙ
1068 240 1076 249 .

214 337 439 390 redigitur,
472 331 528 376 cf.
549 330 718 374 Vitruv.
739 331 837 383 1.6,
869 331 1032 374 Colum.
1050 332 1102 375 V.
1124 333 1162 386 1,
1195 333 1423 376 Censorin.
1445 348 1482 377 c.
1502 334 1578 389 13,
1606 338 1685 377 sed

214 424 261 458 ut
290 413 452 455 Plinius
481 425 574 454 rem
599 411 814 454 Romanis
847 412 1119 454 notissimam
1153 412 1367 454 adiiceret
1396 413 1516 454 nulla
1548 427 1689 455 causa

212 495 304 537 fuit.
364 491 545 536 Scilicet
574 489 645 532 ille
677 490 837 546 ubique
868 491 911 533 in
936 491 1175 534 intervallis
1205 491 1436 534 metiendis
1465 493 1610 534 stadia
1631 492 1688 533 ad

212 586 400 630 passus,
428 582 645 625 nusquam
671 582 778 611 vero
811 569 868 610 ad
898 569 1036 623 pedes
1067 569 1228 620 refert,
1261 569 1318 612 cf.
1338 571 1484 622 §.247‚
1507 571 1602 613 Xll.
1619 570 1686 612 53.

214 653 499 707 Quapropter
527 648 676 692 ultima
704 648 843 690 verba
874 648 1089 690 eiicienda
1106 662 1209 692 esse
1234 663 1496 704 persuasum
1524 650 1683 692 habeo.

213 733 408 776 Fuerant
435 728 509 772 illa
543 728 586 770 in
616 726 865 781 archetypo
895 728 1045 770 versui
1076 730 1395 784 superscripta.

137 838 190 880 14
559 853 563 857 -
769 828 863 876 101
883 850 933 873 =
951 829 1032 891 37,
1053 830 1131 878 37.

283 932 511 1002 (Stellae)
543 937 592 979 ct
626 929 864 977 antemnis
895 929 1220 994 navigantium
1259 929 1464 995 aliisque
1497 930 1689 980 navium

281 1024 501 1092 partibus
547 1037 660 1069 ceu
710 1019 914 1069 vocali
959 1020 1212 1085 quodam
1256 1037 1405 1069 sono
1454 1020 1685 1070 insistunt

282 1124 336 1167 ut
370 1115 597 1165 volucres
632 1110 803 1159 sedem
833 1127 897 1159 ex
931 1111 1051 1159 sede
1088 1117 1382 1175 quaerentes
1417 1139 1485 1147 —

325 1213 540 1270 Displicet
569 1211 842 1267 comparatio
873 1224 961 1266 qua
984 1209 1145 1252 stellae
1170 1211 1297 1266 quasi
1319 1218 1450 1253 cantu
1471 1211 1689 1253 antemnis

215 1296 409 1339 insidere
442 1294 654 1335 dicuntur.
723 1289 909 1332 Collatis
938 1289 1070 1345 igitur
1101 1289 1307 1333 Senecae
1336 1289 1448 1333 locis
1478 1290 1574 1332 Nat.
1605 1290 1687 1338 Qu.

214 1378 246 1419 1.
268 1376 309 1420 1.
332 1381 376 1418 et
397 1372 455 1415 V.
477 1371 530 1413 12
554 1370 706 1425 legeie
740 1367 911 1410 malim.

603 1463 717 1490 cum
748 1447 888 1490 caeli
920 1447 1144 1513 quodam
1174 1461 1301 1488 sono
1378 1468 1380 1471 f

1104 1488 1122 1527 Ι)

216 1533 394 1579 cfPhn
411 1528 678 1582 1ns1§112
733 1509 943 1612 NJ
974 1523 1248 1557 e
1392 1511 1394 1514 ·
1478 1537 1482 1540 »
1542 1486 1598 1555 i&

138 1635 191 1676 15
772 1618 936 1676 102-
924 1577 1039 1689 ’38,
1042 1584 1139 1677 38.

282 1736 417 1787 Hinc
449 1733 614 1782 nubila
645 1737 695 1779 et
727 1728 943 1778 tonitrua
979 1735 1035 1776 et
1071 1729 1192 1778 alia
1227 1728 1444 1790 fulmina,
1479 1728 1618 1777 hinc.
1640 1765 1652 1776 .
1676 1765 1687 1776 .

280 1826 488 1896 plurima
517 1821 792 1873 mortalium
822 1820 945 1867 mala
982 1823 1063 1865 rel.

329 1928 445 1978 Quid
473 1926 555 1967 sibi
586 1922 691 1965 velit
731 1920 836 1962 illud
873 1919 983 1970 alia,
1021 1931 1152 1974 quum
1197 1918 1251 1958 (le
1284 1917 1534 1960 fulminibus
1571 1933 1687 1961 nunc

217 2012 401 2067 primum
433 2019 581 2048 sermo
610 2003 683 2055 sit,
724 2013 811 2041 non
842 1998 1048 2052 intelligo,
1107 1997 1262 2052 Neque
1296 1996 1565 2052 Dalccanipii
1594 1999 1689 2040 sivc

218 2087 418 2138 Pintiani,
449 2097 577 2140 quem
607 2079 801 2133 Silligius
829 2078 1037 2127 nominat,
1069 2077 1325 2118 coniectura
1355 2075 1430 2115 illa
1458 2076 1689 2118 satisfacit.

218 2165 509 2212 Scribendum
539 2169 608 2204 est
638 2157 785 2200 letalia
815 2157 946 2210 (nam
975 2156 1029 2197 de
1053 2155 1181 2196 malis
1210 2154 1399 2209 loquitur
1427 2155 1618 2210 Plinius)
1647 2163 1691 2196 ct

217 2245 380 2302 copula
403 2250 508 2299 post
535 2239 712 2290 nubila,
746 2249 859 2293 quac
890 2234 1024 2290 vulgo
1057 2234 1204 2283 deest,
1237 2247 1336 2275 cum
1365 2234 1565 2276 omnibus
1592 2234 1689 2276 scre

218 2325 448 2369 codicibus
479 2320 625 2362 deleta
654 2316 910 2371 legendum:

273 2402 493 2452 nubila,
534 2398 751 2445 tonitrua,
805 2392 1000 2434 letalia
1041 2389 1254 2447 fulmina,
1299 2389 1399 2431 hinc
1434 2389 1687 2446 arundines,

271 2483 458 2539 pruinae
486 2477 562 2521 rel.

139 2585 193 2626 16
764 2575 860 2622 117
883 2599 928 2618 =
951 2574 1034 2634 46,
1059 2573 1140 2621 45.

284 2686 398 2751 Quo
430 2680 581 2745 magis
614 2677 780 2737 miror,
813 2676 930 2724 orbe
953 2671 1171 2723 discordi
1207 2678 1256 2720 et
1286 2669 1336 2718 in
1363 2684 1514 2733 regna
1552 2666 1689 2734 [hoc

287 2781 382 2824 est
425 2773 482 2821 in
525 2765 818 2833 membra]
865 2765 1046 2826 diviso,
1092 2770 1163 2812 tot
1203 2761 1319 2811 viris
1356 2775 1503 2808 curae
1534 2757 1688 2806 fuisse

284 2874 381 2915 tam
412 2864 565 2912 ardua
591 2860 791 2910 inventu
827 2861 911 2905 rel.
