1914 3237
683 167 815 208 Liber
846 168 992 211 VIII.
1515 170 1595 211 147

231 288 382 329 Verba
420 297 466 330 ut
504 290 633 345 vulgo
673 290 878 344 leguntur
919 290 1135 345 explicari
1171 305 1258 333 non
1295 306 1431 347 posse
1472 299 1597 334 recte

119 365 313 420 Silligius
347 368 656 408 animadvertit
686 375 728 407 et
759 366 959 407 lacunam
992 367 1093 409 loco
1124 369 1273 411 inesse
1298 379 1436 424 putat,
1469 385 1596 427 quam

118 444 263 486 deleto
301 445 523 486 vocabulo
558 445 604 484 id
638 458 664 485 a
703 444 834 488 codd.
870 444 941 485 Rd
978 458 1088 486 sane
1127 445 1269 487 alieno
1317 448 1375 488 ita
1415 449 1599 504 explere

117 532 324 565 conatur:
363 530 531 585 „alque
562 523 612 564 ob
642 524 786 564 sucini
812 523 1139 564 similitudinem
1180 523 1281 564 huic
1311 534 1598 581 comparatas,

115 603 267 642 sueino
295 603 419 643 rel.‘².
452 603 510 643 At
530 616 638 643 vero
672 604 820 657 inepte
848 603 1046 645 sucinum
1074 604 1140 644 bis
1173 604 1328 644 eodem
1360 606 1596 647 verborum

117 688 272 722 tenore
314 683 555 732 nominari,
604 683 742 724 semel
788 696 900 723 voce
946 682 1047 722 huic
1093 683 1279 724 indicari
1319 683 1599 725 manifestum

115 767 197 803 est.
258 761 414 815 Neque
448 762 565 816 quod
599 761 911 816 Dalecampius
944 762 1153 803 coniecit:
1184 762 1599 819 „sueinum-prodi-

116 842 239 877 tmn“
270 838 374 880 ferri
405 839 491 881 ullo
524 841 653 881 modo
684 847 853 894 potest,
886 854 985 880 nam
1013 854 1099 880 non
1133 848 1372 895 propterea
1396 842 1598 883 sucinum

116 917 173 957 ita
208 919 415 972 generari
448 919 738 973 prodebatur,
777 920 980 974 quoniam
1008 920 1256 975 lyncurium
1288 934 1342 962 eo
1374 922 1504 963 modo
1536 923 1600 977 gi-

115 997 346 1050 gnebatur.
415 996 524 1037 Levi
557 997 905 1051 transpositione
937 999 1164 1039 sanandus
1196 1006 1265 1040 est
1292 999 1431 1041 locus.
1500 1000 1599 1042 Hoc

116 1073 220 1113 dicit
240 1073 415 1124 Plinius,
447 1075 548 1129 quia
573 1088 596 1114 e
615 1075 792 1129 lyncum
814 1076 941 1116 urina
960 1089 1162 1130 gemmae
1183 1077 1393 1129 oriantur,
1417 1092 1443 1119 a
1459 1080 1597 1121 verbo

113 1150 252 1206 οὐρεῖν
282 1151 546 1208 λυγγούριου
579 1152 812 1206 appellari,
832 1153 886 1194 cf.
907 1153 1135 1194 XXXVII.
1154 1153 1223 1194 34.
1242 1162 1284 1195 et
1301 1155 1597 1209 Theophrast.

118 1229 181 1271 De
198 1229 328 1285 lapid.
350 1229 417 1284 ⁵28,
453 1230 627 1286 Fragm.
652 1229 716 1270 15.
742 1245 781 1284 p.
799 1230 894 1271 835.
925 1231 990 1271 ed.
1008 1231 1283 1282 Schneider,
1311 1232 1599 1276 Dioscorides

115 1308 183 1350 De
212 1318 315 1350 mat.
353 1310 466 1350 med.
501 1309 639 1350 11.90.
697 1310 992 1351 Scribendum
1031 1318 1100 1351 est
1132 1311 1289 1365 igitur:

168 1414 223 1421 —
246 1386 460 1446 ficlyentes
491 1394 650 1449 atque
681 1387 739 1428 ob
770 1388 822 1428 id
854 1387 1100 1443 lyncurium
1131 1395 1320 1440 vocatas,
1347 1392 1497 1430 sucino
1521 1390 1597 1432 rel.

229 1490 268 1545 ξ.
292 1489 383 1529 152.
402 1490 539 1530 verba
570 1487 729 1529 Rabies
756 1502 914 1528 canum
941 1488 1045 1529 sirio
1071 1488 1253 1529 ardente
1282 1489 1447 1531 homini
1469 1493 1596 1547 pesti·

111 1566 233 1623 fera,
275 1573 325 1607 ut
355 1567 571 1618 diximus,
609 1567 671 1606 ita
704 1568 856 1606 morsis
895 1566 1016 1606 letali
1052 1582 1194 1624 aquae
1231 1574 1346 1608 meta
1382 1570 1595 1613 immerito

113 1648 341 1689 lacessivit
359 1647 566 1687 Osannus
588 1644 736 1687 Philol.
756 1645 845 1687 VII.
866 1660 905 1699 p.
924 1645 1019 1699 396,
1054 1646 1124 1701 qui
1145 1647 1276 1688 debili
1307 1646 1594 1690 fundamento

116 1726 266 1767 Veteri
299 1725 356 1766 illi
388 1723 684 1777 Dalecampii‚
724 1724 778 1763 de
810 1738 896 1778 quo
928 1724 1013 1764 iam
1045 1738 1184 1778 supra
1213 1740 1255 1778 p.
1271 1724 1339 1767 87.
1367 1725 1425 1766 al.
1459 1727 1595 1768 locuti

115 1820 291 1857 sumus,
337 1804 511 1845 innixus
548 1804 616 1843 ira
654 1784 700 1843 bet
729 1802 811 1843 iam
844 1816 898 1843 ex
930 1803 1029 1843 edit.
1060 1803 1307 1854 Parmensi,
1340 1812 1385 1845 ut
1406 1806 1595 1853 videtur,

116 1898 228 1939 quae
270 1884 309 1924 in
347 1882 536 1936 exempli
573 1882 715 1937 Lugd.
759 1882 955 1937 margine
997 1883 1178 1933 citatur,
1221 1883 1361 1924 letalis
1399 1886 1595 1940 scripsit,

117 1965 274 2005 deinde
315 1977 410 2004 cum
452 1963 608 2002 eodem
638 1961 915 2016 Dalecampii
952 1962 1119 2003 Vetere
1159 1963 1318 2005 codice
1357 1967 1595 2007 verborum

116 2044 313 2083 ordinem
353 2043 411 2082 ita
449 2042 699 2082 mutandum
740 2055 842 2083 esse
882 2042 1122 2083 arbitratus
1158 2050 1248 2097 est,
1290 2051 1336 2084 ut
1372 2047 1510 2086 verba
1548 2053 1598 2086 ut

117 2120 306 2161 diximus
346 2119 490 2160 statim
534 2126 636 2173 post
678 2119 861 2159 ardente
902 2128 1158 2174 sequantur.
1244 2121 1408 2163 Verum
1446 2138 1469 2164 e
1507 2138 1596 2165 me-

117 2199 259 2240 moria
287 2197 580 2253 negligentius
612 2196 766 2238 ΙΙ.1()7.
797 2197 961 2238 Plinius
992 2196 1200 2252 laudavit,
1231 2199 1304 2239 ubi
1336 2213 1473 2242 canes
1503 2209 1594 2244 toto

116 2292 169 2319 eo
202 2278 344 2332 spatio
376 2278 417 2317 in
446 2276 612 2317 rabiem
643 2274 715 2331 agi
746 2274 942 2325 dixerat,
982 2276 1035 2316 de
1066 2275 1242 2318 homine
1272 2277 1379 2319 nihil
1409 2279 1596 2322 addide-

118 2363 200 2405 rat,
230 2368 356 2409 quem
379 2362 524 2395 tamen
547 2352 779 2394 insanabili
802 2366 950 2393 morsu
973 2367 998 2393 a
1019 2355 1202 2396 canibus
1234 2356 1325 2409 peti
1348 2356 1433 2398 alia
1457 2372 1597 2400 causa

117 2435 158 2475 in
190 2433 356 2473 rabiem
388 2432 500 2472 actis
534 2431 711 2472 tradidit
741 2429 911 2472 V1L64.
957 2430 1144 2487 Reliqua
1164 2432 1395 2477 Gesnerus
1415 2435 1595 2480 Clu-est.

117 2528 158 2567 p.
175 2511 268 2552 351.
296 2511 456 2565 optime
488 2510 547 2549 ita
579 2509 809 2564 explicuit:
850 2510 913 2559 ‚‚i.
936 2523 971 2551 c.
1003 2525 1100 2552 cum
1131 2513 1292 2555 morsis
1324 2528 1350 2555 a
1382 2529 1494 2558 cane
1526 2530 1596 2558 ra-

118 2593 243 2634 bioso
273 2590 418 2632 letalis
448 2590 504 2630 sit
535 2602 680 2643 aquae
712 2590 897 2630 metus“.

679 2702 770 2748 161
793 2701 941 2761 :zi-2,
957 2701 1038 2748 65.

227 2801 332 2841 Post
352 2803 490 2842 verba
517 2801 679 2854 „albati
703 2814 818 2855 equo
843 2799 1017 2840 Corace
1045 2814 1342 2855 occupavere,
1366 2804 1594 2856 primatum

1235 2879 1319 2918 10*

1624 2720 1685 2761 18.

1679 2720 1703 2759 ²⁴»
