1914 3237
257 293 311 334 34

336 168 391 208 24
960 167 1092 209 Liber
1120 168 1192 208 II.

892 291 988 339 201
1009 317 1057 336 =
1076 292 1157 353 85,
1179 292 1258 340 87.

403 408 680 456 Nascuntur
712 408 838 456 enim
876 410 1102 474 (terrae)
1141 426 1232 458 nec
1255 409 1506 458 fluminum
1539 417 1718 459 tantum
1742 411 1809 459 in-

401 506 570 560 vectu,
605 499 732 547 sicut
767 499 1050 548 Echinades
1088 499 1275 548 insulae
1314 501 1371 548 ab
1409 501 1628 549 Acheloo
1670 517 1809 549 amne

402 598 662 653 congestae
695 589 945 655 maiorque
981 608 1095 655 pars
1118 590 1335 654 Aegypti
1372 605 1399 637 a
1429 589 1558 649 Nilo,
1594 590 1643 637 in
1668 607 1811 654 quam

404 695 431 727 a
464 679 629 728 Pharo
660 679 817 727 insula
862 679 1018 728 noctis
1066 686 1115 727 et
1151 679 1248 728 diei
1286 697 1482 729 cursum
1521 680 1673 728 fuisse
1704 682 1811 729 Ho—

403 786 539 816 mero
585 769 856 830 credimuS‚
908 786 999 817 nec
1044 786 1248 818 recessu
1294 769 1466 831 mariS‚
1513 770 1639 819 sicut
1681 771 1812 819 idem

405 859 641 920 Circeiis,
684 860 840 923 quod
880 859 1118 908 accidisse
1156 868 1205 907 et
1244 860 1293 907 in
1342 860 1629 908 Ambraciae
1665 868 1811 925 portu

404 949 576 997 decem
613 949 796 997 milium
833 966 1064 1014 passuum
1100 949 1352 998 intervallo
1398 957 1447 997 et
1484 950 1812 998 Athenien-

403 1039 553 1087 sium
593 1039 805 1104 quinque
843 1039 1026 1088 milium
1059 1056 1342 1105 passuum
1381 1049 1677 1089 memoratur
1712 1047 1790 1088 rel.

446 1161 594 1216 Vulgo
632 1161 865 1216 legebatur
904 1162 1041 1202 eidem
1072 1161 1126 1203 de
1157 1162 1336 1204 Circeiis
1374 1176 1397 1203 e
1435 1162 1622 1204 Barbari
1663 1177 1813 1206 emen-

336 1240 527 1282 datione.
589 1239 800 1281 Codicum
831 1241 1093 1294 scripturam
1124 1241 1184 1281 ita
1216 1241 1409 1295 explicat
1441 1240 1657 1296 Silligius:
1703 1243 1815 1283 sicut

336 1317 450 1358 idem
481 1318 585 1358 dicit
616 1317 797 1359 Circeiis
824 1316 972 1374 ficisse-
1028 1318 1158 1366 Quod
1189 1333 1320 1373 quum
1348 1320 1389 1360 in
1423 1319 1544 1360 Plinii
1573 1320 1722 1361 verbis
1752 1320 1814 1361 in·

337 1409 440 1438 esse
470 1404 679 1451 nequeat,
720 1396 875 1439 melius
918 1398 1049 1438 Ianus
1096 1397 1296 1439 lacunam
1337 1398 1567 1448 indicavit,
1614 1399 1675 1440 ita
1718 1398 1813 1441 fere

337 1476 622 1529 explendam:
677 1476 789 1516 sicut
832 1475 944 1516 idem
985 1478 1101 1517 testis
1144 1483 1205 1517 est
1242 1475 1405 1532 factum
1441 1491 1529 1517 esse
1573 1476 1685 1517 idem
1722 1475 1814 1518 Cir-

336 1554 436 1594 ceiis
465 1553 579 1615 qztod
614 1552 693 1596 rel.
767 1554 899 1609 Atqui
940 1569 1094 1596 omnes
1127 1569 1179 1597 eo
1218 1554 1446 1609 falluntur,
1486 1556 1602 1610 quod
1634 1556 1688 1596 ab
1723 1555 1815 1596 Ho-

336 1646 458 1672 mero
490 1631 653 1688 aliquid
684 1633 856 1673 narrari
893 1633 1063 1685 volunt,
1102 1634 1217 1688 quod
1251 1633 1309 1674 illi
1348 1647 1403 1674 ne
1434 1633 1474 1673 in
1507 1641 1694 1675 mentem
1726 1635 1814 1689 qui-

337 1711 435 1752 dem
457 1711 609 1752 venire
639 1712 845 1765 potuerit.
906 1712 1043 1753 Poeta
1074 1712 1188 1752 enim
1216 1710 1400 1752 insulam
1432 1711 1639 1761 nominat,
1667 1712 1814 1767 itaque

338 1790 392 1831 de
424 1803 477 1831 ea
506 1789 704 1831 locorum
737 1790 972 1831 mutatione
1003 1803 1089 1845 qua
1119 1803 1215 1831 cum
1248 1791 1488 1831 continenti
1512 1798 1631 1831 terra
1654 1790 1816 1833 Circeii

337 1869 557 1910 coniuncti
587 1882 689 1911 esse
720 1869 1023 1924 perhibentur,
1055 1867 1287 1909 manifesto
1318 1882 1402 1909 non
1422 1868 1625 1923 loquitur.
1658 1869 1814 1925 Neque

337 1949 377 1988 ei
419 1949 697 1990 excusationi
736 1948 879 1990 locum
919 1961 1037 1998 esse,
1079 1960 1164 2002 qna
1196 1945 1394 2002 plerique
1426 1947 1545 1987 abuti
1583 1946 1729 1988 solent
1769 1955 1815 1989 ut

336 2026 522 2067 Plinium
555 2028 722 2068 erroris
752 2027 1018 2075 insimulent,
1055 2039 1078 2067 e
1109 2025 1218 2066 libro
1251 2026 1322 2068 111.
1355 2025 1473 2077 §.52
1504 2034 1713 2080 apparet,
1744 2027 1815 2069 ubi

337 2105 601 2147 describitur
631 2106 825 2158 „Circeii
855 2106 1075 2160 quondam
1106 2104 1247 2146 insula
1276 2105 1490 2146 immenso
1513 2105 1686 2160 quidem
1708 2107 1815 2147 mari

337 2184 609 2226 circumdata
641 2186 709 2240 (ut
740 2186 934 2227 ereditur
950 2185 1166 2238 Homero)
1200 2191 1242 2224 et
1270 2198 1388 2225 nune
1419 2184 1642 2238 planitie“.
1681 2185 1813 2226 Immo

336 2261 503 2304 Plinius
535 2278 623 2305 non
661 2264 929 2306 Ambraciae
967 2262 1107 2305 solum
1149 2263 1229 2305 sed
1273 2263 1403 2303 etiam
1441 2262 1622 2304 Circeiis
1660 2264 1813 2304 decem

336 2340 453 2381 milia
484 2354 694 2395 passuum
738 2352 883 2384 terrae
920 2343 1169 2383 accessisse
1211 2341 1427 2390 narravit,
1465 2348 1596 2396 atquc
1628 2343 1813 2384 eandem

338 2434 589 2461 mensuram
622 2420 695 2464 l.1.
727 2420 911 2475 profert.
972 2422 1123 2476 Itaque
1157 2419 1301 2461 deleto
1330 2420 1589 2474 pronomine
1621 2421 1814 2463 scriben-

339 2499 439 2540 dum
472 2508 563 2541 est:
604 2501 716 2540 sicat
748 2499 860 2540 idem
894 2498 1073 2540 Circeiis
1104 2498 1307 2539 accidisse
1336 2504 1377 2539 et
1406 2500 1433 2538 i.
1457 2499 1513 2542 A.
1532 2514 1573 2554 p.
1641 2499 1814 2542 Deinde

339 2578 532 2631 genitivo
569 2578 903 2619 Atheniensium
944 2586 1168 2620 structura
1207 2578 1444 2619 verborum
1479 2578 1689 2619 turbatur.
1760 2579 1816 2621 Et

337 2655 487 2696 vitium
528 2658 700 2712 quidem
739 2659 988 2713 scripturae
1022 2658 1239 2700 varietate
1276 2658 1490 2712 proditur.
1561 2656 1673 2697 Nam
1704 2657 1815 2696 sium

338 2735 380 2775 in
405 2736 505 2777 eod.
524 2737 549 2776 d
582 2737 622 2777 in
658 2750 817 2779 rasura
849 2744 943 2786 est,
975 2750 1183 2778 mensura
1213 2737 1420 2778 omittitur
1443 2737 1483 2776 in
1503 2735 1583 2776 Td.
1623 2735 1815 2778 Litteras

339 2814 472 2870 igitur
496 2815 592 2857 VM
617 2829 639 2857 e
669 2817 885 2870 proximis
916 2815 1007 2857 VM
1037 2815 1149 2857 male
1179 2817 1392 2870 repetitas
1420 2828 1523 2856 esse
1556 2823 1744 2870 apparet
1772 2823 1816 2857 et
