1914 3237
725 185 857 228 L2'bcr
887 185 934 228 V
930 217 940 230 .
1516 184 1573 226 69

162 317 217 359 ut
242 309 529 375 Bogudiana
551 310 880 374 appellaretur
914 309 1098 358 extima
1130 308 1347 374 itemque
1362 306 1568 369 Bocchi,

161 417 288 465 quae
317 415 445 448 nunc
467 398 822 447 Caesariensis.
871 400 948 446 Ab
977 413 1037 446 ea
1064 407 1236 463 portus
1263 399 1472 463 Magnus
1501 427 1570 434 —-

162 490 314 538 amnis
357 489 614 550 Mulucha,
658 488 846 537 Bocchi
887 489 1404 553 Massaesylorumque
1440 488 1566 536 finis.

202 589 285 631 Hic
304 603 480 645 quoque
499 604 652 632 verum
671 590 902 644 perspexit
919 589 1145 630 Pintianus
1175 589 1247 644 qui
1265 588 1414 630 ultima
1431 590 1569 630 verba

92 679 195 711 ante
209 669 511 720 „Malvanae“
540 668 619 710 rel.
658 668 922 710 collocanda
951 681 1054 709 esse
1083 667 1397 723 pronuntiavit.
1455 667 1568 708 Nam

91 747 345 790 Mulucham
376 748 566 790 vicinum
595 747 775 789 Malvae
813 748 870 789 ad
907 748 1185 789 occidentem
1223 746 1362 788 fuisse
1401 746 1568 789 diserte

91 827 371 870 Ptolemaeus
385 825 557 870 1V.1.7.
585 833 785 878 testatur,
818 834 862 868 et
892 826 1056 868 Bocchi
1086 839 1270 880 regnum
1302 826 1567 867 terminasse

89 914 272 961 praeter
290 906 471 947 Plinium
500 904 735 948 Sallustius
753 907 843 961 lug.
863 905 927 947 19.
944 913 988 947 et
1005 906 1073 959 22,
1106 905 1269 948 Strabo
1281 905 1400 948 XVI.
1413 904 1567 961 p.829‚

90 985 246 1039 Pomp.
261 984 380 1027 Mela
396 985 425 1026 1.
440 985 479 1027 5.
496 984 754 1037 retulerunt,
785 993 831 1027 ut
848 984 1018 1027 Claudii
1038 983 1234 1026 fortasse
1257 992 1402 1026 aetate
1417 983 1567 1025 Malva

87 1071 273 1118 utraque
302 1063 568 1105 Mauritania
600 1064 738 1106 dirimi
770 1064 991 1118 coeperit,
1024 1063 1083 1107 cf.
1104 1063 1215 1107 Ptol.
1239 1063 1324 1113 l.l.‚
1346 1063 1443 1103 ltin.
1462 1063 1566 1104 Ant.

89 1156 129 1195 p.
159 1140 223 1183 12.
279 1141 498 1183 Immerito
527 1143 642 1184 enim
683 1143 962 1184 recentiores
999 1142 1247 1197 geographi
1280 1141 1392 1183 idem
1424 1141 1567 1184 fuisse

85 1219 248 1262 flumen
277 1232 334 1261 ac
363 1220 619 1261 Mulucham
651 1221 990 1275 a1·bitrantur.,*)
1051 1218 1216 1262 Cetera
1240 1220 1466 1262 immutata
1497 1235 1566 1262 re—

87 1298 324 1354 linquenda
348 1306 465 1350 sunt,
497 1298 604 1341 licet
636 1299 864 1341 Pintianus
895 1312 949 1340 ea
979 1311 1155 1353 quoque
1183 1312 1298 1353 quae
1328 1300 1429 1341 inde
1460 1314 1486 1340 a
1520 1314 1562 1341 v.

88 1393 275 1439 namque
304 1386 548 1434 sequuntur
576 1384 678 1433 post
706 1392 743 1421 v.
758 1376 860 1434 finis
888 1379 1226 1432 transposuerit.
1257 1378 1368 1419 Nam
1387 1387 1431 1420 et
1448 1380 1563 1421 iusto

85 1457 299 1499 audacior
338 1464 409 1498 est
443 1456 605 1511 duplex
636 1458 874 1499 verborum
914 1456 1116 1498 traiectio
1146 1464 1191 1497 et
1218 1470 1259 1497 v·
1291 1458 1455 1498 extima
1490 1472 1564 1500 ne-

85 1536 287 1579 cessario
317 1543 423 1590 post
451 1550 492 1577 v,
523 1536 835 1577 Alunt-erantne
867 1535 1076 1578 collocari
1112 1536 1258 1587 debet,
1290 1550 1422 1592 quum
1452 1535 1563 1578 alio-

83 1616 188 1671 quin
216 1615 493 1657 substantivo
528 1628 610 1656 suo
642 1623 819 1657 careret
849 1615 1127 1658 adiectivum.
1185 1614 1366 1656 Scilicet
1398 1615 1561 1657 Plinius

84 1695 158 1736 ubi
187 1693 440 1736 Mulucham
469 1694 709 1735 nominavit
737 1701 869 1735 antea
898 1694 1095 1747 regionis
1134 1693 1265 1735 finem
1301 1692 1442 1735 fuisse
1475 1701 1560 1734 tra·

86 1773 161 1824 dit,
192 1786 308 1814 nunc
324 1771 520 1814 Malvam
549 1786 651 1814 esse
678 1787 747 1815 vv.
766 1772 948 1813 alterius
976 1773 1064 1812 iam
1091 1773 1153 1814 M.
1173 1771 1396 1829 significat
1421 1780 1465 1814 et
1478 1772 1561 1827 Sy-

83 1851 243 1906 phacis
273 1851 494 1893 mentione
530 1851 651 1893 facta
685 1865 713 1892 a
741 1852 921 1906 regibus
959 1850 1061 1893 olim
1093 1852 1428 1907 cognominatas
1455 1864 1560 1893 esse

85 1929 374 1973 Mauritanias
404 1930 538 1971 addit.
557 1911 609 1962 -ζ
633 1931 672 1987 §.
691 1930 755 1971 21.
786 1929 1066 1971 scribendum
1099 1943 1203 1972 esse
1234 1927 1400 1972 Saldae
1428 1930 1558 1971 etiam

84 2009 327 2052 Ptolemaei
355 2007 456 2051 loco
483 2009 557 2051 lv.
588 2009 628 2050 2.
652 2008 692 2052 9.
724 2009 1072 2063 demonstratur,
1105 2009 1176 2051 ubi
1211 2023 1577 2058 commemoran-v

83 2097 154 2130 tur
180 2087 349 2142 Σάλδαι,
382 2087 498 2144 §.22
530 2089 679 2130 verbis
708 2087 801 2129 Ιιοο
828 2094 902 2128 est
930 2087 1107 2129 domus
1136 2087 1326 2144 mapalia
1346 2089 1554 2131 Numida-

81 2182 176 2212 rum
206 2168 262 2210 ab
292 2166 612 2221 interpolatore
643 2167 875 2209 declarata
904 2181 1008 2210 esse
1038 2175 1239 2223 apparet.

684 2257 749 2304 27
766 2279 818 2301 =
837 2258 884 2320 4,
903 2257 952 2305 4.
1579 2273 1634 2315 93

145 2350 375 2414 Augylae
406 2347 500 2414 ipsi
531 2347 692 2397 medio
724 2349 829 2397 fere
851 2347 1009 2413 spatio
1034 2349 1257 2397 locantur
1275 2350 1333 2397 ab
1350 2349 1553 2397 Aethio-

147 2439 227 2505 pia
264 2455 413 2504 quae
450 2439 520 2488 ad
556 2438 943 2489 occidentem
974 2439 1183 2504 vergit
1218 2448 1268 2488 et
1296 2457 1323 2488 a
1349 2439 1552 2505 regione

170 2611 209 2654 *)
258 2609 475 2644 Temeraria
501 2617 623 2644 autem
650 2609 858 2645 coniectura
877 2610 927 2645 Is.
948 2610 1099 2644 vossius
1123 2611 1166 2646 ad
1195 2611 1314 2644 Melae
1338 2610 1400 2644 l.l.
1427 2611 1550 2645 Mulu-

79 2669 186 2703 cham
212 2680 279 2701 non
308 2680 389 2701 eum
418 2680 496 2700 esse
524 2667 737 2707 affirmavit,
765 2679 871 2711 quem
903 2669 1036 2702 Strabo
1062 2675 1098 2703 et
1125 2669 1359 2702 Ptolemaeus
1389 2668 1554 2702 nomina-

81 2730 172 2765 runt,
199 2726 259 2758 sed
287 2725 508 2770 Chylemath
536 2736 556 2757 a
582 2725 795 2758 Ptolemaeo
822 2725 879 2758 lv.
904 2728 936 2759 2.
952 2729 988 2758 3.
1015 2725 1108 2759 inter
1137 2727 1286 2759 Portum
1316 2737 1488 2770 magnum
1517 2732 1553 2760 ct

81 2781 235 2822 Quizam
262 2783 480 2815 collocatum
511 2780 545 2814 in
563 2782 780 2825 Hyluchath
807 2781 1019 2815 mutandum
1045 2794 1139 2815 esse.
1188 2783 1305 2826 Atque
1332 2784 1440 2817 talem
1467 2795 1552 2816 con-

83 2837 257 2871 iecturam
283 2849 306 2872 a
332 2838 482 2883 Silligio
511 2838 678 2883 potuisse
704 2838 946 2883 comprobari.
