1914 3237
707 160 826 202 Liber
856 160 1060 202 XXVIII.
1538 149 1615 195 169

156 292 293 344 fuerit,
325 291 592 346 explicuisse,
623 304 720 331 nam
744 303 887 331 vocem
916 292 1132 330 candorem
1164 300 1257 328 cum
1288 288 1416 328 verbo
1448 294 1616 326 leneres-

155 383 245 411 cere
276 369 473 423 coniungi
517 368 639 409 simili
681 369 773 408 loco
805 367 840 420 ξ.
874 367 952 408 184
981 366 1315 416 demonstratur,
1356 364 1426 404 ubi
1456 363 1618 404 Plinius

156 450 367 489 candorem
398 450 556 497 entique
590 449 857 496 eruqationem
899 443 1098 484 laudavit.
1157 442 1320 496 Nempe
1353 441 1511 482 nullum
1542 445 1620 492 est,

156 538 294 580 neque
324 525 448 564 toties
491 524 533 563 in
565 522 632 564 die
662 522 828 563 mulctis
870 521 999 562 asinis
1047 521 1112 561 lac
1145 519 1259 560 aliud
1307 532 1432 574 quam
1473 531 1620 559 recens

155 602 285 644 fuisse
321 601 554 656 putandum
594 606 669 642 est.
728 600 786 641 At
815 611 1038 640 numerum
1080 597 1281 638 custodiri
1311 610 1413 637 sane
1444 609 1621 637 consen-

156 686 327 722 taneum
357 683 435 720 est.
474 679 614 734 Turpe
647 679 792 719 vitium
823 677 946 719 tertio
976 675 1293 731 protarchetypi
1323 674 1462 715 versui
1492 686 1623 728 prava

155 758 405 814 repetitione
449 756 655 798 adhaesit.
713 757 756 796 In
797 769 878 812 quo
916 768 1043 811 quum
1083 752 1236 808 singuli
1276 765 1422 793 versus
1467 751 1527 792 ita
1557 764 1622 792 es-

159 842 253 877 sent
282 835 403 877 divisi

227 937 504 964 TENERESFERE
525 938 708 962 ‹Amnum-2
731 935 954 962 CVS'wm'ro

204 1013 209 1019 .
227 998 353 1021 LACTE
377 996 535 1020 ASININO
558 995 709 1020 PVTANT
730 993 902 1023 NOTVMQ.
924 993 995 1017 EST

228 1054 417 1085 QVASDAM
439 1053 599 1079 COTIDIE
620 1050 926 1077 SEPTINGENTIES

156 1134 314 1175 factum
347 1138 412 1174 est
442 1138 488 1174 ut
518 1146 540 1173 e
571 1132 703 1185 primo
741 1144 865 1171 versu
894 1130 1043 1170 ultima
1078 1142 1162 1170 vox
1201 1128 1312 1169 male
1349 1132 1624 1184 repeteretur.

158 1215 446 1263 Septinqenties
501 1210 649 1264 scripsi
709 1222 761 1249 ex
822 1207 1073 1263 archetypo,
1134 1211 1377 1258 quinqenlies
1436 1220 1461 1247 a
1487 1206 1625 1247 Plinio

160 1290 359 1345 scriptum
391 1293 474 1341 est,
507 1288 556 1330 cf.
588 1287 662 1329 XI.
694 1287 796 1338 238,
828 1285 910 1326 Dio
943 1284 987 1327 C.
1018 1285 1155 1326 LXII.
1187 1286 1252 1328 28.
1312 1285 1507 1340 Denique
1540 1298 1625 1325 non

150 1372 289 1416 fovere
318 1367 392 1409 sed
433 1369 565 1414 foveri
603 1364 831 1420 legendum
877 1377 972 1404 esse
1019 1367 1061 1404 et
1091 1376 1158 1404 res
1209 1363 1302 1418 ipsa
1343 1368 1385 1404 et
1412 1362 1626 1403 Iuvenalis

158 1458 307 1486 versus
338 1445 410 1486 VI.
430 1446 512 1488 4158
543 1449 607 1485 illo
639 1448 740 1485 lacte
766 1445 924 1491 [θυείαν
957 1440 1233 1482 demonstrat.

703 1555 794 1602 184
815 1569 867 1587 =
888 1551 1086 1601 ibidem.

224 1640 354 1690 Finio
392 1641 580 1689 taurino
620 1639 771 1689 malas
808 1639 1073 1689 rubescere
1112 1640 1258 1697 aiunt,
1297 1655 1394 1690 non
1433 1644 1481 1687 ut
1519 1652 1626 1686 cro-

225 1727 464 1778 codileam
511 1727 629 1777 illini
669 1727 864 1785 melius,
920 1727 1009 1776 sed
1045 1727 1197 1776 foveri
1245 1727 1422 1792 frigida
1458 1755 1513 1760 -—
1556 1725 1626 1772 iu-

224 1816 349 1866 bent.
421 1816 591 1866 Testas
629 1821 675 1865 et
728 1831 853 1880 quae
900 1813 1185 1864 decolorem
1232 1815 1416 1864 faciunt
1467 1819 1623 1862 cutem

224 1905 384 1953 tin-mm
422 1903 558 1953 vituli
596 1920 703 1953 cum
740 1903 853 1954 oleo
905 1907 952 1952 et
989 1904 1163 1952 cummi
1200 1919 1342 1952 manu
1371 1902 1626 1952 subactum

224 1993 466 2041 emendat.

265 2079 444 2121 Duobus
474 2081 585 2121 vitiis
628 2079 792 2121 laborat
822 2079 957 2128 locus,
1002 2092 1177 2134 quorum
1209 2079 1386 2120 alterum
1423 2078 1507 2118 leni
1538 2089 1624 2117 me-

157 2157 295 2199 dicina
334 2158 551 2199 sanabitur
592 2158 717 2198 hace:
761 2161 895 2198 melius
924 2161 994 2197 sil:
1022 2160 1165 2205 foveri.
1226 2158 1415 2198 Alterum
1457 2155 1626 2211 gravius

157 2240 243 2287 est3
275 2249 382 2290 quae
415 2236 525 2276 enim
556 2240 693 2276 testae
726 2235 1036 2276 emendantur?
1066 2235 1199 2282 Quasi
1220 2248 1318 2276 vero
1337 2238 1472 2276 testae
1502 2233 1625 2274 faciei

157 2319 230 2353 aut
259 2313 366 2353 cutis
398 2314 568 2355 morbus
603 2313 765 2354 essent!
826 2313 995 2354 Scilicet
1024 2327 1110 2353 una
1147 2312 1309 2367 syllaba
1337 2311 1623 2364 interciderat,

159 2403 241 2444 qua
272 2391 467 2445 suppleta
487 2391 652 2446 legatur
671 2395 858 2446 oportet:
891 2394 1169 2432 cicatrices
1199 2404 1300 2442 quae
1330 2391 1402 2431 rel.

715 2526 1055 2582 219=16‚62.

221 2609 463 2675 Podagris
531 2611 753 2660 medetur
811 2612 1003 2660 ursinus
1075 2611 1216 2677 adips
1286 2611 1623 2685 ‘taurinumque

222 2699 393 2747 sebum
447 2699 547 2764 pari
596 2699 818 2763 pondere
867 2704 914 2748 et
968 2715 1132 2760 cerae3
1185 2700 1369 2748 addunt
1427 2699 1623 2763 quidam

220 2785 616 2852 hypocisthidem
655 2793 701 2836 et
733 2786 932 2853 gallam.
969 2787 1067 2837 Alii
1089 2788 1325 2838 hircinum
1347 2790 1624 2854 praeferunt

1654 2556 1733 2598 ‹5⁴2ss
