1914 3237
296 166 350 209 48
508 174 511 176 ’
784 228 786 230 ¹
868 168 987 208 Liber
1023 169 1186 209 XVJJJ.

296 297 394 338 illud
443 310 524 352 quo
571 297 736 339 vivitur‘
785 297 839 339 ad
884 312 1036 351 ,rerum
1078 303 1253 341 naturae
1284 300 1506 340 elementa‘
1555 299 1756 341 retulerit.

294 374 442 429 Neque
473 379 614 417 tamen
645 375 747 416 nihil
777 375 1021 431 glossemati
1053 377 1338 430 substituitur,
1391 377 1467 419 sed
1506 390 1528 418 0
1568 377 1757 432 vestigiis

295 453 550 508 reliquorum
590 453 803 508 codicum,
843 467 1020 509 quorum
1061 468 1086 496 a
1124 459 1163 496 in
1192 469 1255 508 se,
1291 454 1330 495 D
1361 459 1444 507 ipse
1481 460 1520 496 in
1556 455 1756 510 scriptum

296 530 437 584 habet,
470 532 610 587 gravis
641 532 851 573 sententia
880 532 1117 587 refingitur:

350 615 477 662 ipsum
507 623 662 662 quoque
691 623 768 660 quo
799 613 940 650 vivitur
968 613 1045 661 ipsi
1072 614 1112 650 in
1137 614 1354 661 perniciem
1386 615 1580 652 vertimus.

405 690 450 729 111
475 688 666 743 proximo
696 701 824 728 sensu
854 686 983 728 verba
1014 701 1112 738 quae
1141 691 1294 738 quidem
1325 701 1378 729 ne
1408 688 1449 729 111
1481 687 1557 729 Td
1590 687 1757 744 quidem

296 767 505 823 leguntur,
536 765 649 807 haud
680 765 807 806 dubie
836 764 964 820 igitur
994 764 1178 807 delenda
1208 770 1318 807 sunt.

856 877 898 932 4,
946 879 974 924 5
1009 891 1063 910 =
1104 878 1192 933 1,1.

187 950 267 993 338
364 959 524 1022 Quid?
580 975 677 1010 11011
731 965 778 1010 et
831 961 1041 1012 hominis
1088 962 1285 1027 quidem
1330 966 1381 1009 ut
1442 976 1631 1010 venena
1678 975 1762 1009 na-

362 1050 594 1099 scuntur?
630 1077 690 1084 —
728 1079 789 1085 --
837 1049 1021 1100 Verum
1058 1055 1104 1100 et
1138 1050 1185 1099 in
1222 1050 1319 1101 1100
1357 1050 1527 1100 eaden]
1563 1056 1761 1099 naturae

362 1137 589 1186 maiestas
613 1142 792 1201 quanto
827 1137 991 1203 plures
1031 1139 1186 1189 bonos
1218 1139 1388 1204 genuit
1423 1154 1480 1187 ac
1516 1138 1643 1203 frugi
1678 1136 1760 1186 rel.

406 1225 710 1281 Interpolatum
741 1225 1048 1282 obscurumque
1074 1227 1212 1268 locum
1247 1226 1370 1282 (quid
1393 1227 1503 1267 enim
1526 1224 1764 1280 significant

298 1303 528 1360 particulae
548 1306 703 1354 quidem
726 1305 818 1354 ulP)
853 1304 1044 1345 exhibuit
1077 1304 1188 1358 Sin„
1219 1305 1346 1345 Ianus
1377 1303 1605 1345 emendare
1637 1316 1762 1344 cona-

299 1390 365 1423 tus
396 1386 480 1433 est,
520 1381 619 1422 dum
658 1389 700 1422 ut
734 1381 775 1422 in
806 1395 826 1422 e
855 1391 977 1423 mente
1006 1387 1161 1424 mutat:
1202 1397 1287 1424 una
1327 1387 1491 1424 tantum
1528 1382 1595 1424 vel
1631 1382 1765 1424 altera

299 1459 438 1500 littera
468 1465 707 1514 corruptum
740 1460 907 1501 codices
939 1465 1167 1516 praestant.
1199 1462 1365 1503 Paucos
1389 1460 1581 1502 homines
1614 1460 1764 1501 veneni

299 1538 433 1579 instar
465 1550 582 1589 0880,
626 1538 840 1593 aliquanto
870 1539 1012 1593 plures
1045 1538 1099 1580 ad
1141 1539 1293 1581 bonam
1323 1539 1486 1594 frugem
1516 1543 1638 1580 natos
1669 1551 1763 1579 esse

297 1616 460 1657 Plinius
501 1615 624 1668 dicit,
665 1619 791 1670 atque
829 1615 909 1657 1100
944 1616 1082 1671 ipsum
1121 1617 1163 1657 in
1209 1616 1424 1658 codicibus
1464 1617 1639 1672 legitur,
1687 1615 1768 1656 nisi

299 1693 411 1748 quod
441 1693 483 1734 in
513 1707 538 1734 a
567 1695 602 1734 T
629 1707 648 1734 e
677 1697 862 1747 hominis,
893 1695 935 1735 in
965 1694 1160 1736 omnibus
1189 1698 1344 1746 quidem
1374 1695 1599 1750 reperitur:

357 1774 455 1821 Quin
485 1780 522 1813 et
548 1775 725 1813 homines
754 1775 913 1824 quidam
956 1780 997 1813 uc
1027 1786 1171 1814 venena
1198 1781 1419 1815 nascuntur
1449 1799 1497 1803 —
1529 1798 1582 1804 -—
1630 1777 1766 1815 Verum

356 1859 392 1892 et
420 1855 459 1892 in
485 1854 562 1892 hoc
603 1853 739 1890 eadem
768 1858 937 1892 nalurae
974 1855 1158 1892 maiestas
1193 1860 1342 1902 quanto
1375 1857 1511 1904 plures
1549 1855 1669 1894 bonos
1696 1864 1766 1904 qe-

355 1934 438 1970 nuit
478 1936 519 1970 ut
544 1931 685 1979 fruqes
713 1928 787 1969 rel.

410 2006 530 2054 Quae
561 2012 795 2062 sequuntur
824 2005 922 2047 inde
952 2020 977 2047 a
1001 2007 1037 2060 ξ.
1057 2006 1082 2049 6
1113 2020 1246 2062 usque
1276 2007 1330 2049 ad
1360 2008 1426 2061 21,
1458 2022 1482 2049 a
1501 2009 1536 2062 ἓ.
1560 2008 1611 2051 35
1634 2020 1768 2063 usque

302 2085 355 2127 ad
384 2086 451 2137 43,
481 2085 523 2125 in
554 2083 888 2127 chrestomathia
916 2083 1112 2125 Pliniana
1141 2099 1180 2140 p.
1211 2084 1292 2128 220
1320 2099 1407 2141 sqq.
1441 2087 1630 2128 tractavi.

195 2232 274 2274 339
896 2208 956 2255 44
992 2221 1046 2241 =
1082 2208 1175 2264 6,8.

374 2296 741 2358 (praeceptum)
801 2293 847 2342 in
901 2293 1067 2358 primis
1124 2293 1319 2344 Catonis
1371 2292 1768 2366 humanissimum

369 2380 801 2445 utilissimumque,
856 2381 905 2430 id
942 2381 1189 2446 agendum
1242 2386 1292 2430 ut
1345 2380 1548 2446 diligant
1600 2381 1768 2444 vicini3

372 2484 544 2518 causas
581 2469 742 2518 reddit
780 2468 862 2518 ille
900 2469 986 2518 101.

416 2568 588 2608 Catonis
619 2568 735 2608 locus
773 2572 913 2609 exstat
950 2582 1039 2622 cap.
1079 2569 1124 2610 4:
1185 2568 1243 2620 ,Si
1274 2573 1315 2608 te
1363 2567 1541 2608 libenter
1578 2567 1769 2607 vicinitas

307 2645 476 2687 v‘idebit‘
523 2645 594 2686 rel.
662 2645 887 2687 Obiectum
937 2645 1050 2700 apud
1095 2645 1277 2686 Plinium
1323 2645 1447 2699 vulgo
1496 2645 1696 2685 omissum
1747 2657 1769 2684 0

308 2724 539 2778 scripturae
577 2723 781 2764 varietate
824 2727 1017 2774 (diliqant
1046 2722 1106 2775 ’d,
1144 2737 1186 2763 se
1217 2726 1333 2763 ve'cini
1365 2724 1426 2773 Θ,
1456 2725 1591 2763 vicinis
1623 2736 1672 2768 a)
1706 2735 1768 2763 re-

309 2801 515 2844 stituitur:
