1914 3237
243 164 325 208 200
810 165 928 204 Liber
955 163 1142 203 XXXII.

246 295 301 348 ,id
323 294 491 350 quidem
516 319 550 323 --
578 294 812 335 maluerim‘
843 293 895 335 ad
928 295 1103 335 alteram
1134 293 1284 335 eodem
1315 292 1514 334 adverbio
1544 295 1706 348 ,aeque‘

246 373 457 414 transitur.
517 372 844 427 Bambergensis
879 376 1016 413 autern
1058 372 1196 413 scriba
1225 385 1351 427 quum
1392 371 1518 412 etiam
1549 370 1593 411 in
1623 371 1707 411 fine

246 456 341 507 post
370 465 408 491 v.
440 449 650 502 ‚diximus‘
689 450 800 491 male
840 449 1050 491 addiderit
1081 451 1238 504 ,pisce‘‚
1281 451 1324 490 in
1362 448 1504 490 media
1541 463 1707 505 quoque

246 528 457 569 sententia
486 540 688 583 peccasse
718 527 897 582 videtur⁷
929 529 1084 583 optime
1116 527 1243 569 ceteri
1269 527 1434 583 syllaba
1462 527 1607 569 addita
1635 542 1708 568 an-

245 611 388 657 quillas
417 610 494 646 hae
525 605 733 647 exhibent.
780 606 874 654 Qua
903 606 1084 647 lectione
1114 610 1283 660 recepta
1313 605 1579 647 scribendum
1611 607 1706 647 erit:

302 688 349 725 E.
379 699 428 726 m.
475 699 505 725 v.
534 699 575 736 p.
612 689 636 726 i.
671 699 711 736 p.
743 699 780 734 q.
816 688 856 725 C.
887 688 1004 737 villis,
1034 697 1190 734 aeque
1220 691 1366 724 veteres
1396 687 1630 735 prodidere,
1670 688 1708 724 in

300 767 453 814 scaffnis
489 775 567 803 non
601 767 767 814 piscinis
806 765 1005 812 admirati,
1037 767 1058 802 ι’.
1094 764 1240 803 Heloro
1273 765 1314 803 S.
1342 776 1379 817 9.
1411 776 1448 803 n.
1482 776 1523 813 p.
1558 765 1598 804 S.
1629 767 1651 804 i.
1685 767 1709 803 i.

304 845 344 882 L.
364 845 394 882 I.
408 844 520 891 fonte
549 845 797 891 anquillas
818 866 870 870 —-
891 844 982 881 hae
1012 855 1044 882 e.
1076 843 1100 881 ἱ.
1134 854 1171 880 α.
1200 848 1342 891 {serunt
1363 865 1400 870 -
1433 844 1608 881 Similiter
1636 840 1710 882 rel.

357 920 393 975 §.
428 920 479 963 17
509 924 607 974 post
637 934 673 961 v.
702 927 850 970 parent
878 919 1204 974 interpungatur
1234 922 1420 971 oportet,
1454 920 1488 973 ξ.
1513 920 1565 962 18
1599 922 1710 971 Scyl-

248 1002 310 1039 lae
339 1012 413 1053 pro
447 1001 609 1038 Siciliae
640 997 745 1052 lego.
780 998 814 1050 ἓ.
837 997 888 1039 33
919 1011 954 1038 v.
987 1001 1084 1037 lolli!
1113 1010 1223 1051 pone
1251 1011 1287 1037 v.
1320 1000 1523 1037 oculorum
1555 1010 1639 1038 non
1667 997 1710 1037 in

247 1075 419 1116 alterius
448 1079 611 1117 tantum
649 1075 835 1116 familiae
872 1075 988 1115 libris
1028 1073 1102 1115 sed
1149 1074 1278 1115 etiam
1316 1074 1357 1115 in
1389 1074 1536 1115 Bamb.
1570 1073 1710 1128 deest;

247 1167 344 1194 nam
384 1167 406 1194 e
445 1153 593 1208 Silligii
630 1153 721 1193 Iani
767 1153 897 1207 copiis
946 1153 1047 1194 satis
1106 1152 1370 1207 negligenter
1426 1152 1491 1193 usi
1544 1152 1711 1193 silentio

248 1245 349 1272 eave
381 1231 608 1286 quidquam
641 1231 828 1285 colligas.
860 1230 983 1278 Quod
1015 1230 1093 1270 nisi
1123 1230 1164 1270 in
1197 1230 1347 1271 ceteris
1378 1230 1494 1270 libris
1524 1233 1710 1280 suffusio-

247 1323 392 1360 nesque
421 1310 653 1365 legeretur,
691 1309 1049 1364 praepositionem
1081 1316 1223 1349 contra
1252 1307 1316 1348 bis
1347 1307 1586 1361 ponendam
1617 1321 1711 1349 esse

247 1388 548 1440 existimarem,
578 1401 690 1428 nunc
721 1387 891 1428 verbum
925 1386 1135 1428 excidisse
1166 1385 1367 1427 concedo.
1425 1386 1491 1426 Ita
1520 1388 1561 1426 in
1593 1386 1628 1440 ξ.
1660 1386 1712 1428 34

247 1479 371 1521 quem
403 1479 571 1506 sensum
604 1467 730 1506 Ianus
762 1465 1004 1506 emendavit
1042 1478 1127 1505 non
1156 1467 1233 1505 hoc
1263 1478 1316 1504 ex
1345 1467 1418 1505 hec
1449 1463 1523 1504 sed
1552 1466 1628 1520 hep
1660 1477 1712 1504 ex

246 1548 322 1585 leoc
352 1544 512 1585 factum
542 1548 627 1595 est,
668 1558 705 1584 v.
739 1547 969 1593 efficat-iore
998 1556 1023 1583 a
1053 1557 1107 1584 m.
1143 1544 1161 1584 1
1193 1545 1459 1591 efficaciorem
1489 1541 1712 1582 manifesto

251 1622 453 1677 seriptum
485 1627 595 1674 erat,
650 1626 800 1676 postea
840 1622 882 1662 in
912 1634 1060 1662 rasura
1090 1633 1113 1661 e
1146 1620 1277 1661 tribus
1316 1620 1483 1661 litterae
1512 1633 1553 1660 m
1584 1618 1715 1674 signis

250 1700 442 1741 ultimum
483 1713 676 1751 erasum,
721 1700 905 1740 medium
946 1704 987 1740 et
1023 1698 1202 1754 primum
1239 1699 1281 1738 in
1320 1705 1356 1738 sl
1391 1701 1596 1738 mutatum
1640 1703 1715 1738 est..

251 1778 413 1819 Ibidem
444 1792 527 1819 non
559 1782 820 1818 demonstrent
857 1777 932 1819 sed
961 1782 1076 1818 recte
1107 1780 1375 1817 demonstrant
1413 1775 1613 1830 scriptum
1644 1787 1714 1815 ex-

251 1860 346 1897 stat.
386 1856 424 1910 ὃ.
455 1857 506 1898 41
537 1870 620 1896 non
652 1856 689 1895 V
719 1860 879 1897 tantum
912 1855 986 1896 sed
1018 1855 1144 1896 etiam
1174 1854 1210 1895 B
1240 1854 1369 1895 habet
1397 1857 1625 1904 sanquinem
1654 1857 1714 1892 in-

250 1939 331 1986 lini,
364 1934 398 1987 ἓ
429 1935 482 1976 48
506 1934 562 1974 B2
592 1948 675 1974 non
702 1938 948 1984 [letne'alilz'um
981 1933 1056 1974 sed
1082 1937 1342 1983 fleeialilc'le'um.

140 2042 222 2088 708
646 2027 702 2073 61
731 2048 773 2066 -—-
795 2026 918 2081 621.
961 2023 1050 2083 (sle
1089 2022 1312 2081 ostreis).

318 2112 522 2160 Addunt
547 2112 801 2178 peritiores
821 2117 997 2169 notaui,
1036 2111 1277 2159 ambiente
1301 2125 1543 2175 purpureo
1583 2107 1714 2157 crine

321 2201 476 2250 fibras,

362 2292 588 2329 mnmemem
619 2288 654 2328 B
690 2288 723 2327 V
755 2288 804 2339 R,
831 2291 988 2337 [maras
1020 2287 1054 2327 V
1087 2292 1128 2328 et
1158 2300 1211 2327 an
1243 2294 1283 2327 to
1313 2299 1504 2327 rasuram
1524 2284 1574 2336 B,
1605 2283 1716 2324 unde

254 2366 497 2408 concinnior
526 2367 650 2408 lectio
682 2365 849 2420 prodire
882 2364 1066 2405 videtur:

310 2449 557 2485 «tundentem
584 2458 788 2495 purpureo
823 2448 933 2483 crate
959 2445 1135 2492 fibram.

144 2521 224 2565 709
847 2524 909 2571 (58
930 2543 968 2560 ε
993 2524 1115 2577 723.

322 2610 576 2659 Sornatius
612 2616 787 2657 tantan)
832 2609 922 2657 x'un
961 2608 1418 2672 (sanguisugarum)
1461 2605 1587 2654 hane
1623 2611 1716 2653 tra-

322 2699 389 2746 <lit
427 2703 498 2754 ut,
554 2698 640 2746 nisi
681 2697 840 2747 oleum
881 2713 963 2745 oro
1002 2697 1281 2745 contineant
1317 2709 1440 2758 quae
1477 2693 1715 2757 tinguent,

324 2788 497 2835 <lenies
535 2801 729 2849 quoque
769 2801 929 2833 earum
969 2784 1210 2847 denigrari
1249 2783 1390 2831 dieat.
