1914 3237
177 672 258 716 315

176 1847 257 1892 31ss

291 171 344 215 36
879 173 998 213 Liber
1028 173 1168 215 XVII.

290 301 394 342 ratio
426 305 502 341 est.
561 299 606 340 In
640 303 886 341 transcursu
915 305 1136 356 praeterea
1166 313 1318 342 moneo
1351 301 1387 356 ἓ.
1413 300 1464 344 61
1498 305 1593 356 post
1621 306 1753 343 made-

285 383 442 428 faciunt
484 378 616 419 levius
655 379 1041 433 interpungendum
1072 392 1187 432 esse,
1234 384 1279 420 ut
1310 379 1401 420 voci
1431 383 1592 430 quidam
1622 379 1754 421 altera

289 461 358 498 aliz·
402 455 679 511 respondeat3
726 456 762 510 ξ.
804 458 856 500 65
913 471 1137 509 paucarum
1182 470 1239 498 sc.
1285 456 1481 498 arborum
1527 457 1753 513 legendum

288 534 432 577 videri.

864 615 1172 670 73=1o,14.

353 727 466 761 area
501 715 708 774 aequata
744 709 978 774 cylindris
1014 716 1095 759 aut
1132 710 1363 775 volgiolis

395 798 660 839 Vocabulum
710 798 814 838 alias
866 797 1100 838 inauditum
1143 799 1468 839 instrumentum
1518 799 1754 854 significare

286 876 519 932 putandum
551 881 616 917 est
646 876 822 930 cylindri
841 889 1013 930 prorsus
1033 876 1188 929 simile3
1218 876 1350 916 altera
1376 877 1501 931 igitur
1531 877 1652 930 ratio,
1673 890 1755 932 qua

287 969 386 996 area
415 951 625 1009 paviendo
657 956 875 1006 aequatur,
908 967 993 994 non
1014 959 1380 995 commemoratur.
1410 954 1541 1009 Atqui
1571 954 1643 994 illa
1673 968 1754 996 vox

286 1046 338 1073 ne
371 1033 578 1087 reperitur
608 1030 777 1086 quidem
809 1031 851 1070 in
882 1031 1097 1072 codicibus
1117 1031 1251 1084 MSS„
1282 1045 1458 1086 quorum
1490 1032 1596 1074 haec
1623 1033 1754 1074 varie-

287 1117 350 1151 tas
383 1114 465 1150 est:
526 1123 550 1149 a
575 1112 781 1159 ualqivale's
807 1109 969 1162 (priore
1000 1123 1024 1149 a
1057 1122 1110 1149 ex
1140 1124 1164 1150 u
1194 1110 1352 1162 facto),
1403 1110 1441 1150 D
1482 1113 1520 1153 Θ
1550 1114 1752 1164 vulvoalz‘s,

286 1188 320 1229 T
352 1188 379 1229 d
410 1193 525 1239 vulyo
558 1191 652 1240 alis,
683 1187 726 1227 in
757 1200 839 1242 qua
870 1187 1005 1227 codex
1036 1201 1060 1227 a
1089 1191 1134 1228 ut
1166 1188 1273 1228 solet
1303 1189 1494 1242 proxime
1524 1188 1579 1229 ad
1611 1202 1752 1229 veram

286 1267 511 1307 lectionem
562 1265 736 1306 accedit.
796 1265 1054 1306 Terminatio
1086 1266 1196 1306 enim
1233 1270 1378 1316 yiuccle's
1414 1266 1517 1307 nihil
1547 1265 1659 1306 aliud
1691 1270 1755 1306 est

286 1357 411 1399 quam
449 1348 583 1396 iculis,
630 1343 765 1398 prima
803 1343 929 1397 igitur
972 1343 1134 1397 syllaba
1182 1349 1370 1385 correcta
1412 1344 1632 1385 notissima
1670 1357 1753 1385 vox

286 1435 418 1476 eaque
454 1421 673 1477 aptissima
704 1426 912 1475 emerget:
939 1425 1146 1472 paviculis.
1188 1421 1339 1462 Statim
1371 1423 1407 1476 §-
1438 1423 1492 1466 74
1529 1436 1624 1463 cum
1653 1422 1751 1463 Pin-

286 1501 398 1540 tiano
424 1513 508 1540 non
538 1501 786 1552 differ-emim·7
819 1498 894 1539 sed
919 1502 1154 1548 deferuntur
1176 1500 1285 1555 lego,
1316 1499 1447 1540 fretus
1480 1499 1751 1542 similitudine

287 1578 322 1632 ἓ.
345 1578 419 1628 76,
450 1577 523 1618 ubi
553 1580 799 1627 differendae
828 1577 870 1617 in
902 1576 949 1630 d,
980 1591 1079 1618 vera
1108 1578 1315 1632 scriptura
1345 1580 1586 1627 clefhrendae
1615 1578 1657 1618 in
1688 1592 1752 1619 re-

286 1656 409 1711 liquis
443 1655 656 1696 codicibus
688 1660 850 1709 exstat5
883 1669 976 1696 cum
998 1655 1256 1697 Schneidero
1289 1656 1324 1709 ξ.
1356 1656 1409 1699 76
1438 1660 1477 1697 in
1510 1669 1608 1696 area
1627 1658 1755 1708 facta,

288 1733 510 1774 manifesto
542 1734 655 1775 enim
688 1733 966 1775 Columellam
999 1734 1048 1775 V.
1084 1735 1108 1778 6
1138 1734 1325 1775 imitatur
1353 1734 1529 1776 Plinius.

864 1840 924 1885 77
944 1860 1004 1880 =
1026 1839 1180 1895 11,15.

352 1923 542 1973 Maritas
580 1923 738 1973 ulmos
774 1929 1004 1974 autumno
1036 1940 1200 1974 serere
1226 1923 1403 1984 utilius,
1441 1924 1553 1988 quia
1589 1928 1755 1974 carent

354 2012 564 2072 semine3
601 2027 710 2060 nan}
750 2015 800 2061 ut
835 2027 861 2061 e
902 2011 1076 2076 plantis
1114 2017 1354 2062 seruntur.

400 2100 586 2154 Silligius
618 2100 790 2154 vulgata
828 2100 1008 2140 lectione
1039 2114 1131 2140 uam
1169 2114 1238 2141 eae
1268 2113 1289 2140 e
1330 2100 1476 2140 relicta
1513 2098 1636 2139 rediit
1666 2099 1755 2153 qui-

290 2179 386 2219 dem
417 2178 472 2218 ad
503 2177 670 2218 codices
701 2177 821 2218 MSS.
860 2177 936 2218 scd
966 2177 1065 2232 quid
1096 2179 1136 2218 in
1161 2179 1218 2219 iis
1249 2179 1400 2218 lateret
1439 2191 1523 2217 non
1555 2176 1755 2217 odoratus

290 2262 366 2302 est.
424 2256 594 2297 Nullam
625 2257 735 2296 enim
768 2256 882 2296 vocis
914 2263 955 2296 ut
984 2256 1024 2297 h.
1055 2255 1081 2297 l.
1114 2257 1196 2297 vim
1227 2269 1321 2297 esse
1352 2259 1540 2310 apparet.
1584 2253 1756 2309 Aliquid

288 2334 416 2376 Ianus
448 2334 563 2383 vidit,
595 2348 690 2375 cum
720 2333 817 2374 inde
848 2348 872 2374 a
903 2349 937 2376 v.
969 2338 1063 2385 quia
1094 2348 1223 2375 unum
1255 2347 1425 2374 sensum
1456 2333 1612 2387 incepit
1642 2345 1756 2373 eum-

290 2426 370 2468 que
401 2426 533 2467 usque
566 2412 620 2453 ad
650 2427 686 2454 v.
717 2419 905 2452 serenatur
935 2413 1215 2465 continuavit,
1260 2425 1404 2452 verum
1429 2410 1540 2466 quod
1572 2424 1633 2452 vv.
1664 2424 1756 2450 nam

290 2491 389 2531 utin
408 2504 484 2531 non
506 2494 583 2531 nisi
605 2491 796 2542 mutavit,
826 2490 1085 2545 ingeniosius
1107 2489 1272 2530 videtur
1290 2489 1442 2530 fecisse
1460 2502 1584 2543 quam
1604 2488 1755 2528 verius.

291 2571 334 2608 In
365 2569 557 2609 omnibus
589 2568 704 2608 libris
735 2568 852 2608 MSS.
885 2582 968 2608 non
1009 2576 1146 2610 carent
1175 2567 1250 2609 sed
1287 2575 1448 2608 carente
1488 2566 1552 2607 vel
1590 2565 1755 2619 plenius

292 2647 417 2688 etiam
456 2648 495 2686 in
527 2647 562 2686 Τ
592 2647 744 2701 legitur
774 2655 972 2699 carentes,
1020 2647 1131 2688 unde
1169 2647 1208 2686 in
1254 2645 1422 2699 reliquis
1462 2644 1649 2683 ultimam
1692 2643 1755 2683 lit-

292 2730 424 2766 teram
473 2740 491 2763 s
543 2725 660 2765 initio
710 2725 888 2779 proximi
941 2725 1133 2766 vocabuli
1180 2724 1377 2764 haustam
1425 2734 1519 2762 esse
1565 2720 1755 2761 efficitur.

293 2802 591 2852 Quaerendum
623 2806 687 2843 est
716 2803 843 2857 igitur
874 2802 1207 2855 substantivum,
1257 2801 1310 2841 ad
1341 2799 1453 2855 quod
1490 2799 1756 2854 participium
