1914 3237
791 160 908 199 Liber
937 159 981 197 Χ
989 159 1051 197 Vl.
1598 154 1653 197 23

184 288 489 344 transponendi
529 288 759 342 perieulum
797 288 896 328 feeit
936 287 1137 328 laudabili
1185 286 1380 337 consilio,
1430 285 1545 326 exitu
1576 286 1651 326 irn-

186 381 398 422 prospero.
457 366 569 407 Dum
615 366 724 406 enim
770 378 896 405 voces
945 378 981 415 ,e
1025 365 1176 419 quibus
1237 364 1425 405 detracto
1484 364 1652 405 eortiee‘

185 445 387 500 proximis
428 448 484 496 ,et
530 442 719 498 tegulum
750 444 1011 497 tegetesque‘
1048 442 1292 496 praemittit,
1328 442 1562 482 contortula
1593 443 1652 482 in-

184 521 486 577 terpretatione
515 520 703 575 tegulum
734 520 922 575 plantam
954 533 1047 560 esso
1068 520 1169 571 vult,
1200 532 1307 574 quae
1326 520 1492 574 proprie
1509 519 1652 573 tegulo

185 605 225 640 et
257 598 467 654 tegetibus
508 599 561 638 sit
592 597 814 639 destinata.
876 599 932 638 At
964 611 1062 638 vero
1094 612 1177 638 vox
1208 596 1425 651 ,tegulum‘
1463 595 1654 636 inaudita

184 677 288 718 alias
333 677 366 717 si
395 675 525 730 modq
555 676 712 731 aliquid
744 676 972 730 signifieat,
1014 681 1212 731 tegumen
1242 674 1341 715 teeti
1371 673 1437 714 vel
1468 673 1653 728 tegulam

184 755 421 810 significare
440 754 628 809 putanda
647 758 729 795 est:
760 754 920 795 Plinius
941 759 1081 795 autem
1104 753 1157 795 de
1176 753 1297 794 tectis
1318 752 1359 795 h.
1381 752 1407 792 l.
1427 755 1654 806 propterea
1672 741 1675 756 ³

183 847 267 874 non
300 833 399 888 agit,
432 833 629 887 quoniam
654 833 795 874 statim
814 833 998 887 mapalia
1016 833 1258 873 Maurorum
1282 832 1584 872 commemorat
1614 833 1655 870 et

185 912 383 966 quoniam
419 911 600 951 firmiore
645 911 822 951 materia
868 924 993 965 quam
1038 910 1257 965 fragilibus
1297 908 1444 962 scirpis
1491 906 1543 948 ad
1583 907 1655 947 illa

185 989 369 1044 tegenda
399 1003 504 1044 opus
545 1001 638 1029 esse
671 991 761 1042 ipse
795 987 988 1029 affirmat.
1046 988 1196 1043 Itaque
1240 987 1391 1028 litteris
1439 990 1495 1035 ,et
1532 990 1653 1040 tegu-

183 1067 282 1107 lum‘
315 1066 449 1107 simile
481 1065 651 1121 aliquod
683 1070 870 1120 tegetum
901 1066 1151 1107 vocabulum
1183 1066 1449 1106 contineatur
1479 1076 1655 1105 neeesse

184 1149 259 1185 est.
321 1142 445 1191 Quod
488 1143 610 1198 quale
657 1143 784 1184 fuerit
824 1157 845 1183 e
886 1146 1035 1199 papyri
1075 1158 1199 1199 quam
1241 1143 1342 1184 dicit
1381 1141 1655 1183 similitudine

183 1222 306 1263 facile
339 1221 598 1276 colligemus.
657 1222 765 1262 Nam
807 1236 934 1276 quum
964 1222 1084 1263 XIII.
1115 1223 1167 1266 7⁸2
1212 1226 1377 1276 tegetes
1416 1225 1457 1261 et
1492 1224 1655 1261 vestem

186 1301 416 1356 stragulam
448 1313 470 1340 e
502 1314 661 1354 papyro
693 1300 779 1340 texi
812 1301 1065 1353 narraverit,
1112 1300 1179 1341 hio
1219 1313 1386 1355 quoque
1425 1299 1656 1354 stragulam

185 1379 425 1420 nominasse
456 1377 668 1432 putandus
701 1381 778 1418 est.
839 1382 891 1418 El
923 1383 1093 1428 sessulam
1132 1379 1259 1433 igitur
1290 1378 1459 1419 omnino
1490 1382 1656 1418 mutan-

188 1458 286 1498 dum
319 1470 472 1497 censeo
503 1456 545 1496 in
574 1461 807 1505 slrayulum.
867 1456 978 1497 Huic
1010 1458 1132 1512 quasi
1169 1457 1446 1497 fundamento
1489 1456 1657 1508 innitor,

189 1549 283 1575 cum
314 1540 355 1575 et
393 1547 488 1574 oum
520 1534 681 1589 Silligio
712 1535 932 1575 relativum
966 1550 985 1575 e
1022 1539 1163 1586 quihus
1206 1533 1567 1589 transponendum
1616 1537 1658 1574 et

190 1618 285 1668 post
315 1612 488 1653 verbum
524 1614 801 1667 ,tegetesque‘
835 1613 1118 1668 sr111·plen<111111
1149 1627 1243 1654 esse
1274 1612 1483 1653 contendo
1516 1619 1657 1653 {emun-

190 1699 266 1743 ίαν,
300 1691 412 1740 quod
445 1704 538 1730 oum
571 1692 612 1730 in
645 1690 789 1731 codiee
821 1691 1048 1747 archetypo
1082 1706 1166 1733 non
1199 1694 1423 1746 reperiret,
1464 1690 1657 1732 librarius

192 1770 261 1825 qui
292 1774 531 1810 nostrorum
562 1768 761 1809 librorum
793 1774 939 1810 auctor
969 1770 1047 1811 fuit
1078 1770 1299 1811 relativum
1337 1782 1413 1809 suo
1445 1769 1537 1810 loco
1568 1782 1658 1810 mo-

193 1848 262 1889 vit.
320 1846 596 1887 Scribendum
631 1851 694 1886 est
724 1847 871 1902 igitur:

242 1929 524 1977 palustresque,
549 1939 570 1964 e
598 1929 738 1976 quihus
765 1930 986 1975 Slrrrssulnm
1019 1934 1241 1975 leyelesqne
1261 1930 1449 1965 [emuntur
1479 1927 1659 1965 detraclo

249 2007 397 2044 corace
426 2004 498 2043 rel.

719 2124 808 2170 194
847 2136 899 2154 =
936 2124 1021 2177 39,
1061 2126 1138 2170 75.
1689 2113 1771 2158 ‘287

258 2219 478 2268 Tiberius
531 2221 661 2268 idem
714 2226 757 2268 οἱ
815 2221 860 2267 iu
918 2218 1092 2283 capillo
1148 2218 1401 2268 tondendo
1447 2218 1663 2268 servavit

260 2306 518 2356 interlunia
533 2325 541 2367 3

194 2395 354 2435 Plinius
386 2394 542 2435 Tiberii
575 2394 744 2449 quidem
762 2395 796 2448 ξ.
816 2393 896 2436 190
911 2393 1168 2434 mentionem
1198 2393 1371 2446 fecerat,
1402 2395 1477 2436 sod
1510 2393 1662 2435 deinde

196 2472 423 2524 Duellium,
456 2472 708 2527 Scipionem,
740 2471 947 2513 Catonem
979 2473 1335 2514 commemoravit.
1392 2473 1447 2514 H.
1478 2474 1504 2514 l.
1536 2473 1664 2528 igitur

194 2564 277 2591 non
309 2552 423 2602 idem,
456 2550 531 2591 sed
563 2554 648 2590 ilem
680 2549 907 2604 legendum
940 2551 1028 2591 erit.

719 2669 809 2716 195
850 2681 900 2699 ³
938 2669 1013 2722 39,
1052 2670 1128 2723 71,
1693 2686 1774 2731 233

262 2765 547 2815 Communia
584 2764 658 2813 his
703 2764 860 2825 (larici
898 2771 941 2813 ei
980 2765 1151 2824 amicti)
1207 2765 1420 2831 pinoque
1460 2772 1510 2815 ut
1546 2781 1663 2830 qua-
1688 2805 1703 2812 ..
