1914 3237
743 183 865 221 Liber
894 183 1014 221 XXI.
1547 175 1628 220 103

226 329 252 361 e
288 311 474 361 semiue
510 310 720 370 recenti3
776 310 824 358 fit
861 315 907 358 et
957 325 982 358 e
1021 308 1268 358 radicibus
1321 307 1474 372 prima
1516 321 1629 371 ger-

228 400 489 450 minatione
522 398 704 447 incisis.

269 488 459 529 Primum
502 485 708 526 insulsum
745 483 1039 539 descriptionis
1091 482 1425 524 additamentum
1477 495 1561 523 non
1603 496 1630 523 a

162 566 298 608 Plinio
328 564 564 620 profectum
595 575 691 604 esse
721 562 788 603 vel
817 561 1095 617 grammatica
1125 560 1380 601 necessitate
1411 560 1628 602 evincitur.

161 644 354 699 Namque
384 646 580 697 neutrum
613 654 746 696 genus
777 654 858 696 quo
889 639 1099 681 referatur
1127 652 1211 679 non
1240 638 1382 690 habet,
1412 638 1493 679 nisi
1521 637 1630 679 forte

162 722 215 763 de
245 721 370 762 melle
398 719 673 776 cogitaveriS,
723 719 835 774 quod
867 732 891 759 a
918 719 1089 773 plantae
1135 716 1418 772 descriptione
1462 716 1629 758 alienis-

162 800 313 842 simum
343 812 440 840 esse
485 797 579 853 quis
611 811 694 838 non
740 796 964 851 intelligit?
1022 796 1130 836 Tum
1175 809 1200 836 a
1235 794 1415 836 molesta
1443 795 1561 836 verbi
1586 799 1632 845 fit

160 877 412 933 repetitione
442 890 551 917 unus
581 875 786 930 Apuleius
819 874 940 916 cavit.
1001 873 1180 929 Reliqua
1225 887 1278 914 ex
1307 872 1386 914 hoc
1416 872 1630 915 Dioscori-

162 956 225 997 dis
255 956 347 996 loco
377 954 454 996 III.
484 954 539 997 74
582 967 666 995 non
713 958 799 994 tarn
844 951 1110 993 emendanda
1155 964 1280 1006 quam
1331 950 1632 1006 distinguenda

163 1038 281 1074 sunt:
321 1033 542 1086 χυλίζεται
573 1032 623 1073 δὲ
652 1035 726 1073 καὶ
755 1032 803 1073 τὸ
837 1033 1012 1086 σπέρμα
1047 1053 1096 1060 —-
1126 1029 1295 1086 χλωρὸν
1325 1027 1389 1071 ἔτι
1413 1053 1527 1058 ———
1559 1030 1633 1070 καὶ

163 1108 183 1165 ἢ
215 1108 315 1166 ῥίζα
346 1109 458 1150 κατὰ
488 1110 564 1168 τῂν
594 1109 770 1165 πρώτην
802 1106 1098 1162 ἕκβλάστησιν.
1126 1106 1198 1149 Ἐν
1216 1108 1265 1149 δὲ
1293 1112 1342 1164 τῇ
1372 1107 1483 1162 πρὸς
1501 1104 1631 1148 ἕσπέ-

161 1205 244 1244 ραν
269 1186 430 1244 Ἰβηρίᾳ
460 1190 534 1228 καὶ
566 1185 679 1228 ὀπὸν
709 1185 881 1241 ἀνίησιν
913 1185 1068 1240 ὅμοιον
1099 1186 1244 1239 κόμμι.
1270 1184 1434 1226 Eodem
1466 1184 1631 1225 Graeco

162 1270 333 1308 auctore
367 1268 489 1316 (nam
507 1264 689 1305 Iberiam
707 1264 921 1318 nominat)
953 1277 1056 1304 usus
1072 1264 1232 1304 Pliniifs
1257 1263 1361 1303 haec
1382 1262 1630 1318 scripserat:

215 1369 268 1374 ——
297 1369 352 1373 —
379 1368 432 1375 »-
462 1356 514 1388 639
543 1347 666 1394 melle,
704 1345 1003 1383 laudatissimus
1044 1347 1080 1382 in
1112 1344 1145 1381 l.
1177 1355 1197 1380 e
1226 1345 1427 1388 lacrimis;
1471 1343 1515 1387 fit
1546 1346 1583 1380 et
1612 1352 1633 1380 e

215 1437 245 1464 s.
277 1436 310 1462 r.
345 1429 381 1462 el
410 1435 431 1462 e
459 1424 666 1462 radicibus
696 1421 770 1462 rel.

270 1499 336 1540 De
376 1499 569 1554 proxima
607 1499 795 1539 sectione
833 1499 961 1539 Ianus
1002 1498 1111 1538 bene
1157 1496 1331 1548 meruit,
1381 1496 1423 1536 in
1466 1493 1632 1536 duobus

163 1583 304 1619 tamen
334 1577 436 1618 locis
467 1577 543 1618 viri
575 1576 807 1618 doctissimi
837 1575 1035 1616 iudicium
1069 1574 1250 1630 probare
1280 1586 1458 1629 nequeo.
1499 1572 1633 1627 §.256

164 1642 217 1696 ef(
248 1655 416 1710 Apuleii
447 1655 627 1696 lectione
659 1662 742 1695 totu
773 1654 947 1695 restituo
975 1662 1086 1705 polu,
1119 1653 1156 1706 ξ.
1186 1652 1267 1695 257
1296 1650 1489 1707 putidum
1520 1651 1632 1706 glos-

165 1746 283 1774 sema
313 1746 488 1773 venerem
526 1736 728 1773 stimulant
767 1746 848 1787 quo
888 1732 1083 1787 proxima
1132 1730 1263 1771 verba
1301 1729 1565 1784 explicantur
1609 1744 1635 1771 a

166 1811 325 1866 Silligio
358 1825 411 1852 ex
431 1810 613 1866 Apuleio
643 1815 860 1864 receptum
884 1811 1010 1851 Ianus
1043 1809 1183 1850 delere
1215 1807 1411 1849 debebat.

721 1945 815 1992 ⁶263
838 1955 895 1982 Ξ
914 1945 1073 2000 23,99.

232 2034 295 2080 ita
332 2032 457 2081 enirn
496 2030 724 2080 Glaucias
761 2031 955 2095 scripsit
992 2030 1077 2080 rel.

211 2125 275 2160 >ila
305 2124 403 2160 enim
435 2132 576 2160 cereae
609 2122 798 2160 Glaucias
829 2122 1045 2169 adscripsit
1075 2118 1124 2159 V.

222 2203 275 2238 ila
307 2206 342 2238 el
371 2211 490 2238 cerea
525 2201 676 2237 alutias
705 2200 918 2247 adscripsit
949 2209 983 2235 a.

275 2276 423 2316 Finem
462 2275 700 2316 sententiae
738 2274 823 2315 Sin.
860 2273 1041 2314 correxit
1073 2272 1360 2327 dittographia
1405 2287 1450 2312 as
1481 2276 1634 2323 ascrip-

168 2360 216 2394 sit
247 2353 409 2405 deleta,
448 2353 612 2394 initium
642 2351 755 2393 facili
785 2351 1020 2392 mutatione
1052 2350 1279 2392 emendare
1310 2355 1497 2405 poterat:

224 2436 276 2472 ita
306 2439 410 2472 certe
439 2434 496 2472 Gl.
529 2445 564 2470 a.
601 2429 677 2479 (cf.
707 2429 826 2470 XIX.
868 2429 954 2481 184,
984 2427 1122 2470 XXV.
1152 2428 1219 2475 9).

748 2609 908 2658 LlBER
941 2609 1048 2658 XXl.

280 2732 329 2772 In
362 2732 442 2772 hoc
479 2731 585 2772 libro
623 2730 715 2771 cod.
751 2743 776 2770 a
815 2729 1003 2771 destituti
1041 2729 1185 2771 codice
1216 2729 1255 2770 R
1288 2729 1426 2770 denuo
1464 2743 1542 2770 nos
1577 2730 1639 2770 uti

171 2822 297 2864 posse
326 2809 547 2862 laetamur,
579 2809 698 2850 cuius
730 2822 826 2850 cum
859 2808 1066 2849 Vossiano
1100 2807 1353 2849 excellentia
1393 2808 1453 2848 ita
1490 2812 1638 2859 certat,

1664 1963 1746 2007 446
