1914 3237
745 192 865 230 liber
893 190 1014 231 XXI.
1536 185 1614 229 109

150 331 259 373 quae
289 331 605 373 nonnumquam
634 317 772 359 factae
805 319 898 360 sint.
926 318 1081 366 Quidni
1112 319 1238 373 igitur
1268 333 1304 359 v.
1335 326 1392 359 est
1420 318 1613 373 supplea-

150 409 242 437 mus
290 401 331 437 et
374 397 416 436 in
454 409 498 436 re
537 396 733 436 universa
771 395 1029 449 singularem
1074 409 1293 436 numerum
1341 410 1363 437 e
1402 395 1616 437 codicibus

149 474 422 528 recipiamus:

206 554 325 590 Alvus
356 554 503 600 optima
533 562 554 588 e
588 553 787 601 (optime
817 549 962 599 codd.)
996 554 1166 599 corace,
1204 554 1379 592 secunda
1407 555 1460 602 fi,
1503 556 1617 592 tertia

202 631 365 674 vimine‚·
396 630 504 672 multi
533 627 606 667 rel.

531 737 849 792 90:15,53.
892 735 982 794 (de
1021 742 1225 792 cneco).
1646 745 1726 790 463

216 821 492 870 Differentia
528 823 679 887 prima
715 821 954 871 silvestris
991 828 1038 871 et
1076 824 1245 872 mitior.
1311 822 1616 872 Silvestriun]

216 910 341 958 duae
379 911 604 975 species,
660 925 753 959 una
789 911 1007 970 mitiore‚
1052 910 1190 960 simili
1232 912 1401 969 caule,
1458 917 1619 961 tamen

215 998 372 1062 rigido
394 1036 404 1047 .
430 1036 442 1047 .
478 1013 645 1047 semen
684 999 788 1046 eius
825 999 1100 1057 candidum,

148 1089 300 1126 mitiore
320 1084 360 1126 S.
379 1086 411 1126 Ι.
443 1098 465 1125 e
484 1085 575 1127 cod.
597 1086 635 1126 R
665 1100 876 1142 recepere,
910 1087 1034 1142 vulgo
1066 1092 1111 1128 ut
1132 1087 1174 1127 in
1207 1087 1298 1129 cod.
1331 1088 1366 1126 V
1398 1086 1620 1141 legebatur

147 1167 279 1204 mitior
307 1171 383 1203 esl:
434 1169 657 1218 utrumque
687 1164 806 1206 falso.
854 1164 1173 1221 Theophrastus
1205 1165 1338 1217 enim,
1378 1177 1501 1219 quem
1533 1164 1617 1205 Pli-

148 1242 242 1282 nius
272 1241 338 1283 hic
378 1255 544 1296 quoque
582 1242 884 1297 interpretatus
924 1249 1010 1296 est,
1065 1244 1138 1285 VI.
1169 1244 1206 1285 4.
1239 1245 1262 1285 5
1290 1243 1340 1285 τὸ
1372 1244 1452 1296 μὲν
1481 1256 1618 1297 προσ·-

149 1321 334 1376 εμφερὲς
373 1319 547 1376 σφόδρα
585 1323 644 1373 τῷ
682 1318 826 1377 ἡμέρῳ
870 1321 983 1376 πλὴν
1015 1320 1394 1375 εὖθυκαυλότερον
1432 1321 1617 1376 appella-

148 1398 219 1439 vit.
251 1399 399 1453 Itaque
429 1398 587 1453 perlevi
620 1403 692 1439 aut
720 1399 856 1451 nulla,
900 1400 935 1440 si
966 1400 1198 1440 Salmasius
1230 1413 1252 1440 e
1285 1399 1500 1440 codicibus
1531 1400 1618 1439 suis

149 1489 249 1517 vera
277 1475 431 1529 retulit,
462 1477 696 1517 mutatione
727 1477 840 1518 facta
870 1477 1077 1519 scribatur
1107 1483 1292 1533 oportet:

203 1579 256 1584 —-
284 1568 366 1595 una
393 1559 539 1596 miliare·
567 1559 715 1607 similis,
745 1560 858 1596 caule
884 1563 1010 1596 {canen
1030 1560 1174 1606 rifido.

259 1632 497 1673 Candidum
538 1646 682 1674 semen
724 1634 848 1674 etiam
890 1633 1163 1676 Dioscorides
1202 1634 1276 1676 IV.
1321 1634 1402 1678 187
1439 1635 1617 1687 vocavit,

150 1711 262 1765 apud
292 1710 628 1766 Theophrastum
659 1713 829 1765 μέλανα
857 1712 1021 1767 legitur.

500 1836 840 1895 102=17‚62.
885 1835 975 1895 (de
1012 1835 1282 1900 perdicio).
1647 1859 1727 1901 454

215 1923 415 1973 Crassas
450 1921 781 1987 plurimasque
818 1923 965 1973 habet
1000 1923 1207 1981 radiceS‚
1244 1924 1357 1972 item
1403 1921 1619 1971 ornitho-

213 2010 325 2076 gale
374 2010 512 2060 caule
557 2016 759 2070 tenero,
816 2012 1058 2070 candido,
1113 2010 1401 2077 semipedali
1438 2010 1616 2068 radice,

216 2099 435 2158 bulbosa‚
472 2098 620 2158 molli,
656 2100 809 2150 tribus
846 2105 927 2149 aut
964 2106 1171 2164 quatuor
1193 2099 1410 2165 agnatis3
1449 2098 1619 2162 coqui-

214 2193 288 2236 tur
322 2188 369 2236 in
404 2185 557 2252 pulte.

256 2274 416 2329 Turpia
455 2275 613 2329 aliquot
650 2276 753 2316 vitia
791 2289 898 2330 quae
942 2275 1056 2315 nullo
1096 2275 1268 2330 negotio
1300 2288 1322 2315 e
1354 2274 1616 2316 Dioscoridis

148 2351 429 2406 descriptione
461 2353 613 2407 corrigi
642 2357 853 2407 poterant,
886 2352 927 2393 S.
960 2354 990 2395 I.
1034 2353 1075 2393 in
1105 2353 1184 2393 hoc
1224 2354 1313 2393 loco
1344 2353 1616 2408 reliquerunt.

146 2429 201 2470 Et
242 2427 514 2470 Dioscorides
556 2430 724 2484 quidem
767 2431 816 2472 II.
852 2431 928 2473 173
967 2430 1074 2471 haec
1111 2430 1257 2472 habet:
1319 2429 1617 2486 ὅρνιθόγαλον

146 2509 327 2550 καυλίον
359 2505 454 2550 ἐστὶ
491 2509 733 2563 τρυφερὸν,
771 2507 955 2557 λεπτὸν,
994 2506 1260 2558 ὑπόλευκον,
1298 2507 1354 2558 ὦς
1398 2509 1615 2550 davama-

145 2590 320 2640 μιαῒον,
366 2585 457 2627 ἄνω
488 2586 793 2640 παραφυάδας
824 2584 926 2639 ἔχον
955 2591 1068 2642 τρεῖς
1096 2585 1118 2641 ἢ
1148 2589 1369 2643 τέσσαρας
1399 2611 1450 2616 -
1480 2611 1533 2616 —
1563 2611 1615 2616 —

146 2660 243 2717 ῥίζα
275 2662 324 2703 δὲ
350 2663 590 2718 βολβώδης,
624 2661 862 2719 ἐσθιομένη
893 2682 929 2706 κ.
960 2681 995 2705 τ.
1024 2665 1062 2706 λ.
1114 2663 1244 2704 Vides
1276 2665 1401 2716 igitur
1432 2679 1515 2705 non
1548 2679 1613 2705 ra-

146 2739 264 2792 dicis,
296 2739 372 2780 sed
403 2741 534 2781 caulis
565 2755 809 2782 mensuram
840 2741 1038 2795 indicari,
1069 2755 1246 2797 eamque
1274 2744 1398 2784 trium
1431 2742 1613 2783 dodran-

145 2818 247 2858 tium
280 2817 357 2872 (cf.
388 2817 482 2859 VII.
514 2819 591 2874 26)
637 2818 810 2861 modum
850 2820 1044 2875 explere3
1095 2824 1183 2861 tum
1227 2821 1408 2863 eundem
1449 2821 1609 2861 caulem
