1914 3237
789 154 923 197 Liber
953 154 1098 196 VIII.
1604 148 1683 192 139

216 285 286 321 set
316 285 420 333 post
444 278 708 321 Salmasium
738 293 780 332 p.
801 277 898 318 308.
924 277 1188 320 Harduinus.
1216 275 1373 331 Neque
1391 272 1507 330 quod
1537 286 1562 315 e
1583 272 1682 313 cod.

215 356 257 398 R
292 357 411 399 dedit
447 356 660 411 Silligius,
704 361 1004 414 coartato-sque
1048 353 1276 395 ferendum
1322 360 1404 395 est.
1487 352 1599 392 Nam
1641 358 1684 391 et

216 435 407 477 coartari
435 448 521 475 non
548 435 660 474 bene
681 432 884 474 dicuntur
913 432 1136 472 dracones
1159 438 1202 472 et
1219 430 1485 472 vocabulum
1508 429 1683 485 aliquod

214 513 468 568 requiritur,
498 526 584 567 quo
620 512 862 562 indicetur,
910 511 1132 566 quomodo
1163 523 1318 551 manus
1351 509 1684 563 elephantorum

211 591 443 647 illigentur.
503 591 694 633 Codices
731 591 844 635 Mss.
895 591 977 633 has
1014 590 1112 632 fere
1155 590 1404 644 scripturas
1452 587 1683 629 exhibent:

215 675 513 731 coartatosque
541 669 651 719 R2G),
683 675 954 730 art-latosque
977 683 998 709 r
1021 668 1195 722 (Rob.)‚
1226 672 1475 727 artatosque
1504 666 1566 716 d2,
1597 681 1684 706 mo-

216 753 368 809 tusque
398 747 498 798 le,
531 762 781 809 morsusque
808 748 905 789 cod.
936 746 1073 788 Paris.
1103 745 1238 786 Hard.
1266 745 1484 799 Frigidius
1515 744 1685 786 Salma-

215 826 307 867 sius
347 826 537 866 coniecit
577 826 820 886 ‹zv-eiusque,
871 824 1084 866 audacius
1125 823 1380 865 Pellicerius
1423 823 1684 883 incertaque.

213 903 406 946 Facilius
452 918 508 946 ex
551 909 799 963 artatosque
836 902 1026 944 efficitur
1083 901 1405 962 artubusque
1455 902 1509 943 de
1555 902 1685 943 nodis

214 985 507 1026 membrorum
539 985 695 1039 quibus
717 997 871 1024 manus
891 983 1222 1038 constringitur,
1253 989 1386 1037 atque
1407 981 1450 1022 id
1468 981 1686 1037 recipien-

216 1063 317 1104 dum
348 1076 452 1103 esse
480 1064 682 1104 arbitror.

328 1140 456 1198 §.3st
503 1143 657 1183 nescio
695 1143 915 1197 quomodo
956 1141 1149 1196 Silligius
1194 1142 1459 1196 scripturam
1507 1138 1688 1180 haustus

216 1235 346 1277 quam
378 1235 402 1262 e
433 1222 529 1263 cod.
561 1219 629 1261 R2
664 1221 855 1274 recepit,
894 1219 1108 1274 explicet,
1153 1233 1284 1274 quum
1313 1217 1492 1273 vulgata
1527 1217 1688 1258 haustu

216 1307 260 1341 et
289 1300 331 1340 in
351 1298 532 1354 reliquis
562 1297 684 1338 libris
714 1298 960 1338 inveniatur
986 1305 1030 1339 et
1058 1299 1220 1339 bonum
1248 1311 1429 1339 sensum
1459 1297 1688 1352 praebeat.

324 1401 431 1442 Item
462 1400 627 1442 erravit
659 1398 698 1455 §.
728 1398 796 1440 46.

281 1492 424 1557 Quae
461 1489 650 1556 possint
686 1489 910 1554 (leones)
956 1488 1004 1536 in
1040 1489 1313 1537 mandendo
1351 1489 1506 1537 solida
1543 1490 1688 1539 devo·
1715 1504 1795 1545 173

279 1599 391 1630 rare
420 1598 513 1629 nec
544 1580 767 1645 capiente
800 1580 1078 1629 aviditatem
1110 1582 1215 1629 alvo
1247 1580 1481 1629 coniectis
1513 1581 1563 1629 in
1586 1582 1688 1630 fau-

283 1689 366 1720 ces
403 1670 646 1735 unguibus
686 1670 966 1732 extrahere,
1002 1677 1072 1732 ut,
1109 1670 1151 1718 si
1186 1670 1470 1736 fugiendum
1505 1672 1564 1721 in
1599 1689 1689 1720 sa—

284 1761 531 1821 tietate,
569 1761 801 1807 abeant.

328 1851 496 1893 Locum
529 1849 737 1906 Silligius,
767 1848 937 1905 qualem
971 1850 1025 1891 ab
1045 1850 1271 1892 Harduino
1303 1852 1583 1894 constitutum
1616 1854 1690 1895 de-

219 1933 293 1987 dit,
309 1931 566 1972 lacunosum
583 1930 667 1971 sibi
684 1929 822 1971 videri
838 1930 897 1970 ait
911 1936 953 1970 et
970 1943 1083 1984 quae
1102 1930 1234 1984 vulgo
1256 1929 1473 1985 leguntur,
1489 1944 1544 1972 ex
1561 1932 1690 1972 inter-

216 2011 438 2066 polatione
468 2017 566 2051 orta
595 2023 731 2051 sensu
762 2010 876 2050 iusto
906 2023 1078 2051 carere.
1125 2010 1215 2052 Sed
1234 2010 1306 2052 hic
1325 2025 1499 2066 quoque
1530 2013 1690 2054 bonam

217 2101 331 2144 quae
360 2088 401 2128 in
432 2086 553 2128 libris
582 2087 694 2127 Mss.
734 2093 881 2128 exstat
910 2086 1145 2129 lectionem
1176 2089 1389 2131 immerito
1429 2093 1599 2145 sprevit
1626 2093 1692 2133 vir

218 2167 514 2209 doctissimus.
586 2163 764 2206 Scilicet
794 2176 908 2218 quae
941 2162 1062 2205 Plinii
1095 2167 1315 2208 sententia
1354 2166 1511 2220 fuerit,
1553 2170 1690 2212 Solini

216 2248 367 2289 verbis
387 2244 506 2287 029.
524 2243 685 2298 elucet,
713 2243 784 2298 qui
816 2243 916 2284 dum
943 2244 1003 2285 ita
1030 2243 1249 2300 loquitur:
1277 2246 1418 2300 „Tum
1448 2250 1563 2303 quod
1597 2263 1690 2292 car-

218 2339 301 2366 nes
337 2325 452 2365 iusto
490 2323 678 2377 amplius
709 2322 951 2364 devoratae
987 2337 1085 2365 cum
1121 2335 1388 2381 gravantur,
1430 2328 1607 2372 insertis
1648 2332 1689 2372 in

219 2417 299 2447 ora
329 2403 548 2458 unguibus
577 2410 738 2457 sponte
769 2402 1047 2457 protrahunt.
1107 2405 1228 2447 Sane
1259 2413 1418 2449 etcum
1438 2407 1690 2463 fugiendum

219 2490 288 2526 est
317 2483 360 2523 in
389 2481 618 2532 satietate,
655 2481 771 2524 idem
809 2481 1032 2536 faciunt“,
1072 2485 1307 2528 manifesto
1339 2487 1393 2529 de
1425 2488 1595 2531 duabus
1625 2492 1691 2532 di-

218 2564 364 2606 versis
399 2563 533 2604 rebus
570 2563 642 2617 agi
682 2563 885 2604 ostendit.
952 2564 1063 2606 Nam
1095 2573 1138 2607 et
1166 2566 1386 2609 stomachi
1419 2571 1691 2612 exonerandi

221 2655 360 2684 causa
386 2641 460 2683 leo
492 2641 654 2696 alioqui
686 2640 858 2695 quietus
893 2642 1018 2684 cibos
1049 2644 1241 2686 extrahit
1271 2653 1314 2687 et
1343 2661 1473 2702 quum
1504 2662 1531 2690 a
1559 2663 1690 2691 vena-

221 2721 389 2763 toribus
418 2718 656 2761 lacessitus
686 2719 729 2760 in
758 2719 910 2776 fugam
939 2735 990 2764 se
1019 2724 1214 2780 corripit,
1246 2739 1409 2770 carnes
1437 2742 1548 2784 quas
1574 2730 1691 2785 quie-

222 2805 296 2842 tus
326 2799 499 2854 quidem
532 2799 737 2856 digerere
767 2802 942 2845 omnino
972 2812 1148 2858 posset,
1191 2807 1339 2850 eximit
1368 2808 1593 2865 faucibus,
1633 2824 1691 2853 ne
