1914 3237
747 196 862 234 tiber
891 196 1056 236 XVIII.
1569 190 1620 232 51

738 338 799 383 57
836 350 891 370 =
928 338 1053 393 ΜΟ.
1656 326 1737 369 343

231 422 546 483 Quorundam
582 420 749 471 caules
796 428 1093 485 sparguntur
1127 423 1171 470 in
1210 427 1406 478 terram,
1458 421 1497 469 si
1534 434 1629 468 non

229 508 439 558 habeant
476 507 846 567 adminiculum,
905 514 955 557 ut
990 510 1234 574 pisorurm
1287 509 1418 572 quod
1457 508 1497 556 si
1534 521 1630 557 non

229 595 460 655 habuere,
499 597 743 647 deteriora
776 597 910 647 fiunt.

234 715 413 757 Codices
445 715 543 756 aD:
570 720 810 767 piscandum
840 721 929 768 nisi,
962 716 988 757 d
1014 718 1258 767 piscandum
1287 673 1324 767 d,
1356 713 1509 754 deinde
1543 726 1567 753 a
1585 712 1630 752 d:

163 795 363 834 deteriora
394 802 462 834 aut
494 793 618 848 (quid
647 793 687 834 D
709 795 745 836 T
774 794 980 846 habeant,
1012 807 1095 834 non
1126 793 1331 847 constat).
1392 790 1514 832 Unde
1545 790 1633 831 vul-

166 876 307 925 gatam
338 871 635 926 interpolatam
667 885 762 914 esse
796 872 883 914 Sill.
916 872 1138 924 intellexit,
1169 884 1277 926 quae
1307 871 1398 925 ipse
1431 868 1631 910 coniecit:

164 957 207 989 a!
237 954 489 1003 apiseantar;
531 954 606 991 m'sz'
636 953 900 992 habuere....
934 958 1005 991 aut
1033 954 1233 991 deteriora
1270 951 1382 998 fiant
1410 950 1635 1002 propterea

164 1028 348 1068 maxime
379 1027 618 1082 displicent,
649 1029 748 1083 quia
778 1043 859 1070 vox
876 1032 1074 1070 scandum
1104 1027 1231 1069 verbo
1259 1028 1492 1080 ἀναβαίνει
1523 1023 1634 1079 apud

163 1103 504 1159 Theophrastum
535 1105 651 1148 VIII.
684 1106 721 1148 3.
752 1106 790 1160 2,
830 1120 954 1162 quem
985 1120 1067 1147 non
1101 1106 1202 1146 satis
1236 1109 1434 1146 accurate
1468 1102 1634 1158 (phasi-

165 1182 254 1223 olos
291 1183 401 1223 enim
434 1183 598 1238 omisit)
631 1184 793 1225 Plinius
823 1185 1010 1225 imitatus
1042 1189 1120 1236 est,
1153 1182 1436 1224 confirmatur.
1483 1180 1633 1221 Melius

167 1260 294 1301 Ianus
323 1268 364 1301 ut
377 1264 469 1312 pisi.
503 1263 568 1302 ube·
595 1265 795 1303 scandam
821 1266 897 1303 m'se'
915 1265 1093 1303 habuere
1116 1297 1121 1302 .
1147 1294 1154 1301 .
1177 1294 1184 1302 .
1218 1269 1288 1302 aul
1312 1262 1511 1301 deteriora
1526 1261 1636 1307 fiunt,

166 1351 310 1380 verum
340 1339 410 1380 ille
442 1353 608 1394 quoque
639 1339 833 1381 lacunam
864 1341 986 1381 Plinii
1020 1340 1158 1382 verbis
1190 1340 1331 1380 inesse
1367 1342 1536 1392 praeter
1566 1348 1636 1375 ne-

166 1417 408 1458 cessitatem
438 1418 597 1459 statuit.
655 1417 906 1475 Legendum
954 1424 1039 1460 est:
1102 1426 1142 1459 at
1174 1422 1264 1470 pisa
1303 1418 1525 1464 scandunt,
1571 1421 1639 1454 aut

165 1499 243 1537 nisi
269 1497 464 1549 habuere,
497 1499 698 1538 deteriora
724 1498 844 1546 siant.

740 1614 801 1661 63
839 1627 886 1646 Ξ
927 1614 1049 1669 7,12.
1667 1621 1748 1665 344

231 1697 441 1747 Tertium
497 1699 691 1763 pondus
756 1699 952 1760 (tritici)
1019 1704 1121 1747 erat
1171 1697 1406 1755 Thr-acm,
1477 1695 1637 1760 SyriO,

236 1785 415 1835 deinde
466 1792 513 1835 et.
570 1786 853 1852 Aegyptio,
907 1786 1194 1836 athletarum
1258 1800 1365 1834 cum
1420 1785 1636 1841 decret0‚

236 1867 442 1938 quorum
479 1875 724 1940 capacitas
760 1875 986 1926 iumentis
1024 1874 1188 1924 similis
1246 1889 1392 1939 quem
1429 1872 1639 1921 diximus

235 1963 454 2012 ordinem
488 1962 687 2013 fecerat.

279 2049 616 2106 Theophrastum
647 2051 760 2093 VIII.
793 2052 831 2093 4.
865 2052 889 2093 ὃ
936 2065 1023 2106 sqq.
1070 2051 1259 2106 sequitur
1300 2050 1483 2102 Plinius,
1529 2048 1642 2104 quod

172 2128 237 2168 vel
267 2129 529 2184 temporibus
561 2131 780 2185 perfectis,
822 2129 972 2184 quibus
1003 2129 1160 2181 utitur,
1193 2128 1444 2170 declaratur.
1503 2126 1643 2175 Quare

174 2207 354 2261 primum
387 2211 504 2260 Syrio
538 2222 559 2249 e
590 2209 615 2249 l.
648 2210 671 2250 l.
703 2207 954 2249 mutandum
984 2212 1048 2247 est
1078 2207 1120 2247 in
1152 2211 1336 2259 Assyrio,
1377 2205 1530 2247 deinde
1560 2205 1644 2246 col-

171 2285 257 2326 lata
288 2286 323 2339 ξ.
356 2288 379 2327 ι’)
411 2286 680 2328 scribendum
714 2289 948 2328 athletarum
980 2293 1058 2326 tam
1089 2289 1262 2326 decreto.

767 2400 827 2447 64
848 2419 906 2439 --
927 2399 1051 2455 7,12,
1675 2424 1754 2466 345

242 2512 303 2545 ex
341 2497 470 2546 omni
505 2497 675 2546 eadem
721 2496 977 2557 (Graecia)
1020 2510 1206 2561 genere
1246 2494 1385 2559 grani
1419 2491 1645 2558 praetulit

241 2585 529 2635 dracontion
568 2591 615 2634 et
651 2585 914 2649 strangian]
953 2590 999 2634 et
1036 2583 1348 2634 Selinusium.

284 2672 350 2713 Ita
387 2686 489 2713 sane
519 2673 681 2714 Plinius
719 2686 813 2714 cum
843 2672 1138 2728 Theophrasto
1183 2685 1296 2713 caus.
1334 2671 1389 2725 pl.
1420 2671 1493 2711 III.
1525 2670 1590 2712 21.
1622 2669 1648 2711 2

175 2751 395 2804 consentit,
426 2764 570 2792 verum
604 2750 718 2791 aliud
748 2763 903 2792 nomen
934 2749 1208 2806 suppeditant
1238 2749 1406 2790 codices
1425 2748 1648 2802 (islelepam

181 2831 253 2871 &a
276 2829 323 2882 d,
368 2834 542 2882 stelepan
587 2875 589 2882 Α
635 2829 723 2884 D),
774 2828 885 2870 unde
927 2829 1167 2870 necessario
1217 2827 1398 2869 efficitur
1443 2830 1650 2878 stlenqian,

1358 2905 1418 2946 4*
