1914 3237
189 2160 216 2200 8

236 235 265 275 S
857 229 990 272 Liber
1015 231 1079 272 11
1078 263 1089 273 .

306 358 530 417 humano,
556 356 748 421 quando
782 355 886 403 aliis
917 355 1074 402 nullus
1096 359 1172 401 est
1201 353 1405 401 deorum
1432 360 1708 418 respectus,

306 445 410 492 aliis
445 446 720 509 pudendus.

351 556 428 598 Sic
465 558 612 600 locum
653 557 870 599 difficilem
913 554 1094 609 scripsit
1126 552 1340 607 Silligius‚
1379 553 1439 595 ita
1479 561 1623 596 tamen
1662 561 1709 596 ut

241 642 494 689 corruptum
526 638 742 678 iudicaret
774 644 816 677 et
842 635 1024 676 verbum
1052 631 1349 672 dubitemusne
1377 645 1495 687 pone
1521 646 1561 673 v.
1590 647 1708 673 sum-

240 727 358 752 mum
388 712 645 758 collocaret.
715 714 1027 755 Verumtamen
1058 711 1102 750 in
1134 712 1335 765 proximo
1367 711 1589 752 enuntiato
1619 725 1708 753 non

239 791 310 845 qui
334 792 528 833 dubitant
554 793 606 833 iis
636 794 707 846 qui
735 792 918 833 credunt
947 797 1242 844 opponuntur,
1271 790 1351 830 sed
1381 790 1618 832 credentes
1648 791 1708 832 in-

240 869 445 911 credulis.
510 871 708 925 Namque
745 870 830 912 l10c
873 869 974 910 dicit
1017 867 1205 909 Plinius:
1249 868 1400 909 Utrum
1439 870 1707 911 credendum

238 947 364 988 nobis
406 955 492 998 est,
532 949 676 989 curari
711 962 786 990 res
814 948 1031 989 humanas
1060 960 1086 987 a
1115 945 1196 986 diis
1226 959 1283 986 an
1314 959 1404 987 non
1439 948 1614 989 curari2
1651 962 1708 989 an

237 1023 434 1066 sortasse
464 1027 572 1066 certi
600 1026 832 1081 quidquam
865 1026 919 1066 de
951 1038 1005 1066 ea
1034 1038 1083 1065 re
1113 1020 1300 1065 inveniri
1329 1037 1467 1078 posse
1498 1026 1706 1080 despera-

238 1102 381 1144 bimus
408 1111 537 1159 atque
577 1105 712 1158 (quae
744 1112 812 1145 est
842 1105 981 1159 ipsius
1010 1102 1245 1157 scriptoris
1274 1104 1514 1157 sententia)
1560 1105 1602 1146 in
1632 1105 1708 1146 du-

238 1181 448 1223 bitatione
468 1183 792 1224 cousistemus?
849 1181 1041 1224 Difficile
1065 1188 1134 1222 est
1154 1181 1360 1232 iudicatu,
1390 1190 1535 1223 utrum
1563 1183 1711 1225 utilius

239 1260 296 1300 sit
323 1262 507 1303 credere
531 1275 585 1302 an
615 1275 701 1302 non
732 1261 932 1311 credere,
964 1273 1065 1301 nam
1092 1260 1305 1301 inereduli
1336 1260 1497 1302 nullum
1527 1262 1710 1303 deorum

239 1347 493 1393 respectum
524 1340 700 1394 habent,
733 1341 803 1395 qui
830 1348 976 1381 tamen
1008 1339 1064 1379 ad
1093 1338 1208 1379 vitae
1239 1352 1365 1379 usum
1396 1349 1464 1381 est
1494 1353 1710 1382 necessa»

240 1417 332 1459 rius
367 1418 632 1473 (cf.§.<26)‚
671 1420 741 1474 qui
775 1432 881 1460 vero
912 1418 1096 1459 credunt
1138 1417 1196 1456 ad
1224 1415 1400 1457 foedam
1433 1417 1709 1472 superstitio·

239 1509 339 1537 nem
377 1504 420 1538 et
459 1497 687 1538 mendacia
727 1497 1005 1540 delabuntur.
1076 1492 1227 1536 Talem
1264 1508 1444 1536 sensum
1480 1503 1526 1537 ut
1560 1497 1712 1538 verbis

238 1574 490 1624 reddamus,
520 1582 621 1616 ante
652 1577 796 1617 omnia
826 1575 1110 1631 plurimorum
1129 1573 1479 1629 optimorumque
1505 1575 1711 1616 codicum

238 1650 368 1693 lectio
400 1651 768 1695 dubitemusve
800 1654 1058 1695 restituatur
1075 1658 1268 1706 oportet,
1303 1652 1461 1694 deinde
1489 1667 1586 1694 cum
1603 1654 1712 1695 Iano

239 1728 311 1772 1.l.
333 1744 373 1783 p.
389 1729 484 1770 464.
515 1739 616 1784 post
654 1732 881 1773 credmnus
909 1731 1257 1784 interpungatur.
1330 1730 1537 1772 Proxima
1572 1732 1712 1774 verba

238 1807 316 1847 vix
350 1814 393 1849 et
427 1823 556 1864 prope
590 1809 784 1865 Silligius
829 1808 1012 1849 moleste
1055 1809 1298 1858 coniunxit,
1345 1808 1476 1849 Ianus
1517 1809 1717 1850 iudicare

239 1900 322 1940 pro
353 1892 403 1926 ut
431 1887 668 1928 iudicemus
706 1889 865 1930 dictum
896 1901 998 1930 esse
1029 1887 1192 1929 statuit.
1248 1886 1442 1928 Facilius
1471 1901 1636 1942 prope
1668 1888 1711 1929 in

238 1978 457 2020 propere
481 1967 716 2008 mutabitur
739 1981 868 2022 quum
888 1965 974 2006 hae
991 1978 1130 2007 voces
1162 1966 1344 2020 saepius
1372 1964 1711 2019 confundantur,

242 2040 298 2082 cf.
315 2041 547 2088 Drakenb.
569 2045 635 2087 ad.
657 2044 751 2089 Liv.
770 2045 930 2087 XXIX.
951 2043 1016 2085 31.
1033 2044 1073 2086 4.

839 2157 902 2204 22
922 2176 971 2198 =
990 2155 1037 2216 7,
1060 2155 1108 2203 5.

309 2254 530 2302 Fortuna
565 2257 667 2303 sola
696 2257 947 2307 invocatur
978 2275 1035 2307 ac
1060 2255 1350 2316 nominatur,
1383 2272 1498 2304 una
1535 2271 1712 2304 accu-

309 2351 507 2405 satur,
551 2344 691 2411 [una
732 2349 931 2411 agitur
971 2346 1137 2414 rea]‚
1179 2364 1274 2395 una
1307 2346 1571 2411 cogitatur,
1609 2347 1713 2394 sola

311 2434 559 2496 laudatur,
593 2439 695 2485 sola
717 2439 935 2503 arguitur
960 2445 1009 2486 et
1030 2455 1139 2487 cum
1163 2437 1395 2486 conviciis
1419 2437 1594 2485 colitur
1628 2441 1712 2483 rel,

353 2545 503 2588 Talem
534 2561 558 2589 e
586 2550 813 2592 codicibus
845 2566 1029 2606 quorum
1059 2551 1381 2593 accuratiorem
1405 2550 1602 2591 notitiam
1624 2549 1712 2591 Sil-

244 2621 345 2677 ligio
377 2624 613 2680 debemus,
649 2642 761 2669 unus
793 2630 819 2669 d
847 2629 989 2671 locum
1021 2630 1238 2683 exhibuit,
1274 2629 1356 2671 sed
1385 2626 1620 2669 manifesto
1651 2626 1711 2667 iu-

244 2701 528 2757 terpolatum,
576 2717 704 2758 quum
753 2720 866 2760 quae
918 2721 994 2749 rea
1035 2709 1201 2762 agitur,
1253 2708 1408 2749 eadem
1451 2705 1712 2749 intolerabili

244 2779 483 2835 tautologia
520 2784 724 2824 accusari
762 2785 941 2828 dicatur.
1020 2786 1056 2827 E
1099 2785 1279 2841 reliquis
1321 2786 1445 2828 libris
1479 2801 1501 2827 r
1541 2786 1608 2840 (is
1644 2791 1714 2827 est

243 2857 302 2899 M.
331 2858 629 2916 Dalecampii‚
667 2863 981 2918 deterioribus,
1017 2871 1064 2906 ut
1093 2866 1286 2918 videtur,
1316 2863 1711 2918 annumerandus),
