1914 3237
765 175 880 214 Liber
908 177 1044 215 ΧΧΧ.
1560 163 1638 207 185

239 329 262 356 e
298 315 402 367 R²)‚
430 305 525 354 fimi
551 303 841 370 gallinarum
864 302 984 352 cinis
1011 301 1416 356 exulcerationes
1455 297 1640 348 colum-

243 393 338 443 bini
376 393 471 441 fimi
507 410 569 442 ex
605 391 732 442 oleo·

285 482 350 521 Ita
380 480 481 533 sill„
519 481 667 522 melius
698 482 784 522 Ian.
816 484 911 535 post
942 482 1041 519 cinis
1073 478 1283 529 distinxit,
1333 487 1469 530 neque
1499 479 1641 515 tamen

175 559 312 600 locum
344 559 601 613 persanavit.
632 558 825 612 Namque
856 562 901 598 ut
930 570 1042 598 nunc
1072 557 1270 610 leguntur
1293 546 1434 604 verba,
1466 553 1643 606 scriptor

176 637 359 678 cinerem
391 636 477 677 fimi
507 637 759 691 gallinarum
790 635 983 677 omnibus
1012 633 1223 675 ulceribus
1253 631 1428 687 pedum,
1460 631 1642 671 cinerem

176 715 403 756 columbini
439 716 525 757 fimi
565 714 950 756 exulcerationibus
992 710 1154 752 mederi
1184 710 1242 751 ait
1287 722 1466 764 eumque
1509 708 1644 748 solum

176 806 229 833 ex
261 793 354 834 oleo
387 795 640 849 appositum.
680 794 738 833 At
768 792 837 847 qui
868 789 1112 832 melioribus
1142 788 1268 829 Plinii
1298 786 1514 828 codicibus
1545 797 1646 826 usus

177 876 242 911 est
301 871 524 913 Marcellus
580 871 817 926 Empiricus
876 883 908 910 c.
969 869 1020 911 34
1079 881 1119 922 p.
1159 866 1238 909 397
1278 867 1315 906 D
1376 863 1440 905 ed.
1502 863 1646 918 Steph.

176 950 344 1005 utrique
385 950 530 1005 generi
568 949 746 990 eandem
783 948 867 988 vim
914 945 1124 998 attribuit,
1169 944 1335 999 utrique
1371 943 1510 984 oleum
1549 941 1647 982 addi

177 1027 306 1068 iubet.
356 1027 491 1080 ,Fimi‘
532 1027 666 1082 inquit
697 1026 961 1081 ,gallinarum
992 1024 1058 1065 vel
1088 1022 1315 1064 columbini
1345 1022 1448 1063 cinis
1479 1034 1647 1062 omnem

178 1105 538 1146 exulcerationem
576 1104 731 1159 pedum
779 1105 929 1144 sanat.‘
989 1102 1187 1157 Sequitur
1228 1115 1312 1142 uno
1352 1099 1480 1141 verbo
1512 1104 1646 1140 trans-

176 1183 314 1237 posito
347 1182 616 1224 scribendum
647 1195 761 1223 esse:
789 1183 880 1230 fimi
908 1184 1147 1232 gallinarum
1179 1183 1292 1232 cinis,
1326 1181 1537 1219 columbini
1562 1179 1650 1226 simi

179 1274 230 1302 ea·
262 1265 346 1301 oleo
377 1264 703 1302 exulcerationes.

821 1337 994 1379 Ibidem.
1678 1354 1761 1400 668

243 1417 450 1465 Attritus
485 1415 911 1466 calciamentorum
950 1414 1130 1464 veteris
1165 1414 1333 1464 soleae
1372 1411 1647 1475 [crematae]

245 1505 366 1554 cinis
399 1510 602 1565 (sanat).

286 1594 503 1646 ,Exustae‘
537 1593 680 1634 soleae
712 1592 896 1633 cinerem
926 1590 1072 1632 laudat
1094 1589 1320 1630 Marcellus
1352 1590 1404 1632 34
1434 1590 1570 1644 p.400
1600 1588 1650 1640 E,

178 1676 373 1713 neutrum
403 1671 655 1712 vocabulum
693 1670 893 1711 librorum
923 1669 1044 1711 MSS.
1087 1668 1338 1710 auctoritate
1382 1667 1649 1708 commenda-

179 1754 265 1802 tur,
310 1764 407 1790 nam
440 1754 514 1790 soli
556 1753 654 1790 cinis
683 1748 765 1789 Rd
796 1748 976 1800 habent,
1022 1752 1120 1789 cinis
1149 1747 1198 1788 V.
1258 1747 1408 1800 Itaque
1462 1750 1651 1800 praestat

181 1841 326 1869 vocem
359 1828 530 1869 minime
561 1827 845 1869 necessariam
877 1826 1031 1867 delere.

568 1931 630 1977 83
653 1954 695 1971 =
722 1930 877 1986 1034.
938 1927 1027 1986 (de
1067 1926 1266 1985 ricino).
1678 1949 1758 1993 559

246 2016 456 2066 eundem
491 2017 537 2064 in
573 2016 776 2080 augurio
814 2014 1027 2064 vitalium
1064 2014 1260 2063 habent.

233 2105 295 2145 lta
314 2103 525 2145 Barbarus
553 2118 574 2145 e
594 2103 854 2145 coniectura:
890 2103 970 2144 alio
994 2102 1194 2143 librorum
1212 2100 1330 2142 MSS.
1349 2100 1530 2141 lectione
1557 2102 1648 2148 sem-

178 2186 315 2222 dicium
355 2196 431 2222 nos
471 2181 566 2223 duci
596 2182 723 2222 Ianus
767 2182 809 2222 in
847 2184 1160 2236 programmate
1191 2178 1511 2220 Suevofurtensi
1546 2178 1650 2220 1858

178 2275 216 2314 p.
250 2262 298 2302 ll
334 2261 409 2309 (cf.
440 2259 586 2300 Philol.
619 2259 726 2300 XXI
756 2274 796 2314 p.
830 2259 933 2308 107)
981 2257 1290 2299 animadvertit.
1351 2256 1474 2304 Quod
1506 2260 1648 2297 autem

177 2339 314 2393 ipsum
345 2338 596 2379 vocabulum
623 2341 843 2385 ftmde'cc'nm
877 2351 901 2377 a
929 2336 1062 2378 fundo
1092 2336 1117 2377 i.
1151 2350 1186 2376 e.
1217 2340 1388 2376 auctore
1413 2334 1648 2375 derivatum

178 2416 349 2456 retineri
391 2415 544 2468 voluit,
594 2421 819 2471 propterea
856 2415 1180 2470 improbandum
1231 2419 1295 2455 est
1334 2412 1447 2468 quod
1494 2426 1647 2454 novum

181 2493 355 2535 verbum
386 2492 579 2547 procudit
615 2492 742 2548 idque
774 2494 825 2535 ab
858 2470 908 2534 eo
949 2496 1117 2534 nomine
1148 2492 1353 2533 derivavit
1383 2492 1500 2533 cuius
1530 2491 1571 2531 in
1603 2505 1648 2532 re

181 2572 370 2627 augurali
401 2585 607 2627 nusquam
639 2572 795 2613 mentio
826 2571 939 2613 facta
969 2576 1043 2613 est.
1101 2571 1229 2612 Aliud
1259 2572 1301 2611 in
1332 2576 1528 2626 promptu
1559 2578 1648 2610 erat

181 2650 306 2706 idque
339 2651 372 2691 si
404 2650 502 2706 quid
523 2650 645 2691 video
678 2656 719 2691 et
748 2650 981 2690 litterarum
1013 2649 1208 2691 ductibus
1240 2654 1281 2690 et
1302 2649 1487 2705 auguriis
1518 2648 1646 2703 aptis-

180 2728 353 2781 simum,
398 2729 509 2784 quod
555 2729 596 2769 in
636 2729 747 2769 notis
779 2728 1018 2769 Tironianis
1049 2743 1088 2784 p.
1121 2728 1173 2771 90
1204 2728 1256 2769 ab
1288 2732 1433 2769 iudicio
1469 2727 1646 2777 ducitur,

179 2810 342 2848 indici
354 2822 373 2849 v
384 2822 407 2847 ιι
417 2822 462 2848 m.
496 2808 532 2862 ξ.
550 2807 603 2850 92
626 2807 754 2848 lanus
770 2806 1004 2848 rectissime
1022 2810 1070 2847 de
1088 2817 1241 2849 morato
1261 2808 1439 2863 scripsit,
1461 2810 1646 2847 ceterum
