1914 3237
729 166 861 207 Liber
886 167 976 208 IV.
1535 166 1590 206 53

115 308 171 336 ex
201 294 344 336 altero
380 301 530 336 natum
566 305 671 335 esse
709 295 926 336 videatur.
954 295 1097 343 -Quid
1135 298 1247 338 enim
1283 296 1457 339 facilius
1493 296 1590 337 fieri

112 374 254 428 potuit
285 386 414 427 quam
441 378 490 412 ut
514 371 657 412 verba
674 371 800 413 Plinii
831 372 1013 414 Aleione
1042 379 1083 414 et
1111 373 1307 415 Phalara
1336 376 1379 416 in
1408 373 1590 414 Alo-ione

112 451 257 491 ecione
287 448 480 489 Phalara
510 456 553 490 et
581 449 683 490 inde
712 449 754 489 in
780 447 963 488 Alc-ione
987 447 1156 488 Ecom'a
1186 447 1589 492 commutarentur?

221 534 442 589 Oppidum
473 534 769 586 Oetneorum‚
811 534 930 589 quod
962 533 1017 574 ad
1050 533 1261 574 Doridem
1294 533 1484 585 Plinius,
1529 534 1588 574 ad
1610 526 1664 567 73

108 611 401 654 Phthiotidem
418 612 704 655 Ptolemaeus
727 612 883 664 refert,
918 619 1061 654 utrum
1091 609 1383 666 Sperchios
1412 613 1531 667 quod
1561 626 1585 653 e

108 692 308 733 codicum
337 691 528 733 lectione
555 689 766 747 Sparthos
796 698 839 732 et
869 688 1080 746 Sphartos
1110 689 1258 732 Herm.
1280 689 1505 731 Barbarus
1525 688 1583 730 ef-

106 770 226 823 fecit,
265 785 322 812 an
353 785 450 812 cum
481 770 605 812 Livio
626 770 808 811 XXXII.
829 768 895 810 13.
917 767 1180 824 Sperchiae,
1207 783 1306 810 cum
1322 768 1580 810 Ptolemaeo

107 850 241 892 11.13.
267 851 331 890 17.
364 849 586 904 Sperchia
620 847 936 904 appellandum
960 848 1031 900 sit,
1060 848 1242 889 nescio:
1274 848 1414 890 satius
1436 855 1583 890 tamen

108 931 189 971 erit
222 929 448 984 vulgatam
483 917 750 984 scripturam
782 927 993 968 intactam
1027 927 1301 982 relinquere.

217 1012 278 1053 At
307 1013 351 1053 in
382 1012 687 1054 Phthiotarum
719 1026 828 1066 agro
858 1011 1095 1053 Echinus
1124 1012 1335 1066 oppidum
1370 1012 1478 1053 miro
1510 1025 1583 1053 er—

102 1105 207 1133 rore
229 1092 285 1132 ad
309 1090 515 1145 Sperchii
544 1090 733 1132 fluminis
770 1091 928 1132 fauces
948 1093 1175 1146 pertinere
1203 1098 1433 1142 narratur,
1464 1091 1582 1145 quod

100 1172 145 1212 in
185 1169 522 1225 septentrionali
564 1170 711 1225 potius
757 1170 880 1211 sinus
917 1169 1098 1211 Maliaci
1140 1177 1268 1225 parte
1307 1170 1362 1211 ab
1399 1169 1580 1210 urbibus

101 1250 257 1291 Lamia
302 1257 346 1290 et
380 1248 574 1290 Phalara
618 1250 832 1290 orientem
876 1263 1039 1291 versus
1077 1250 1207 1291 situm
1254 1261 1358 1290 esse
1404 1255 1581 1289 constat

103 1327 184 1381 (cf.
204 1327 421 1383 Forbiger
439 1328 607 1383 Geogr.
629 1335 717 1369 ant.
731 1328 819 1370 vol.
839 1329 908 1369 ΙΙΙ.
930 1343 972 1383 p.
991 1328 1120 1383 89l);
1154 1335 1198 1369 et
1233 1327 1458 1368 Heraclea
1487 1327 1579 1381 qui-

102 1408 202 1449 dem
244 1405 305 1448 IV
333 1406 417 1448 mil.
446 1423 489 1462 p.
529 1421 556 1448 a
593 1407 905 1463 Thermopylis
947 1408 1111 1449 distare
1159 1413 1372 1448 accurate
1407 1407 1578 1457 dicitur,

100 1487 171 1528 ubi
190 1499 299 1528 vero
318 1486 444 1541 ipsae
460 1486 789 1542 Thermopylae
809 1488 1092 1541 quaerendae
1117 1486 1217 1536 sint,
1238 1499 1327 1526 non
1349 1486 1574 1526 docemur.

99 1565 280 1607 Scilicet
310 1578 466 1620 prava
508 1565 866 1620 interpunctione
902 1565 1027 1606 Plinii
1063 1566 1203 1606 verba
1237 1562 1467 1613 laborant,
1513 1571 1576 1604 at-

99 1657 185 1698 que
218 1656 322 1698 pro:

166 1721 353 1770 Eorum
392 1719 572 1784 oppida
606 1719 828 1769 Echinus
873 1720 922 1769 in
960 1720 1182 1769 faucibus
1219 1719 1449 1784 Sperchii
1484 1720 1576 1767 flu-

165 1811 331 1871 minis,
369 1810 815 1874 Thermopylarum
849 1811 1117 1876 angustiae,
1151 1828 1247 1875 quo
1286 1819 1573 1876 argumento

162 1902 236 1951 lv
262 1901 318 1949 M
341 1918 391 1966 p.
428 1900 541 1949 inde
576 1901 826 1950 Heraclea
864 1902 1080 1951 Trachia
1116 1901 1245 1950 dicta
1282 1909 1373 1950 est.

94 1999 377 2042 scribendum
401 2005 503 2039 .est:

150 2077 317 2118 Eorum
362 2073 514 2131 oppida
549 2073 769 2130 Echinus,
817 2077 864 2116 in
907 2074 1106 2132 faucibus
1142 2076 1341 2132 Sperchii
1375 2076 1573 2136 fluminis

153 2154 536 2212 Thermopylarum
570 2156 795 2212 angustiae
829 2155 911 2199 rel.

678 2281 743 2329 29
764 2303 816 2325 Ξ
833 2282 881 2350 9,,
900 2283 980 2330 15.
1597 2316 1649 2357 74

159 2383 355 2431 Montes
390 2382 768 2431 Phthiotidis...
805 2383 1122 2445 Donacesa,
1158 2382 1436 2444 Bermius,
1471 2382 1569 2430 Da-

157 2474 349 2538 phusa
383 2493 482 2534 sqq.

200 2587 389 2627 Nomina
423 2588 628 2628 montium
660 2587 763 2628 licet
792 2587 904 2629 alias
933 2588 1082 2643 ignota
1112 2589 1391 2644 aliquatenus
1421 2594 1568 2629 tamen

91 2675 122 2706 e'
145 2666 240 2707 cod.
259 2665 299 2706 A
331 2666 554 2707 emendari
585 2673 805 2720 poterunt.
845 2666 880 2706 E
907 2668 1169 2708 Donacaesa
1198 2667 1386 2709 efficitur
1416 2668 1567 2707 Dona-

90 2757 272 2798 coessa,
301 2743 552 2801 eDaphusa
566 2743 848 2800 Daphnusa,
882 2760 964 2800 pro
996 2747 1199 2788 Bermius
1230 2762 1285 2789 ex
1316 2747 1470 2788 eodem
1501 2759 1567 2787 re-

89 2823 352 2866 stituendum
369 2829 438 2867 est
455 2824 762 2865 Bromiaeus
789 2825 860 2881 qui
877 2826 933 2867 ad
944 2825 1112 2868 Bacchi
1131 2840 1211 2869 seu
1222 2826 1386 2868 Bromii
1408 2825 1567 2868 cultum
