1914 3237
737 198 852 240 Liber
876 200 972 239 XX.
1530 191 1583 236 91

123 333 251 376 leium
283 346 377 374 cum
408 332 495 373 Sill.
535 331 652 386 sequi
682 329 793 369 malo
824 341 949 382 quam
989 340 1083 368 cum
1114 328 1215 367 Iano
1253 326 1442 378 codices,
1487 325 1588 366 item

125 413 163 466 ὃ.
197 411 274 455 187
302 414 448 451 seme'ne
477 409 529 450 ab
552 406 732 462 Apuleio
765 410 806 446 et
832 405 917 446 Sill.
948 409 1061 445 recte
1093 404 1227 444 omitti
1259 417 1426 444 censeo.

729 568 887 620 minin
922 569 1008 620 XX.

235 695 303 737 Ad
334 695 444 736 hune
474 695 625 735 librum
645 691 955 733 emendandum
987 693 1155 745 praeter
1182 686 1349 742 Apuleii
1380 690 1593 741 excerpta,

132 778 213 818 ea
242 773 540 828 Dalecampio,
598 772 633 812 Τ
664 771 716 812 ab
749 769 953 824 Hispanis
984 767 1201 818 collatum,
1260 769 1302 805 et
1331 778 1355 805 a
1387 763 1412 804 d
1442 763 1540 804 inde
1571 777 1596 804 a

127 854 164 908 ἓ.
194 853 274 895 186
304 851 448 893 codice
466 850 676 892 Vossiano
706 849 766 889 uti
783 848 894 900 licet,
927 846 978 887 de
1010 845 1127 887 cuius
1158 843 1407 885 auctoritate
1439 841 1595 882 Detlef-
1648 858 1650 860 ·

128 933 269 972 senius
305 931 347 971 in
386 942 532 970 museo
590 927 727 969 Rhen.
784 925 878 968 XV.
919 939 959 980 p.
1002 923 1103 976 273,
1159 921 1239 965 373
1272 935 1361 977 sqq.
1401 924 1596 961 accurate

131 1009 230 1065 egit.
761 1064 789 1110 2
827 1078 869 1085 —
909 1063 930 1108 1
1343 1029 1348 1035 2
1625 1034 1706 1077 422

193 1193 252 1198 --
290 1162 547 1211 adamanta
584 1176 730 1225 opum
766 1159 1002 1225 gaudium
1035 1186 1095 1193 —

130 1255 404 1293 adamatmwn
440 1253 477 1293 Θ
509 1263 533 1290 a
556 1249 604 1302 d,
636 1253 946 1289 aclamanlarwn
976 1248 1030 1300 T,
1061 1246 1085 1288 i.
1118 1259 1152 1286 e.

187 1334 426 1381 adamanta,
456 1342 624 1368 rarum
656 1339 772 1378 opum
801 1329 1003 1376 ycmdium.

238 1407 398 1448 Rarum
451 1406 561 1446 enim
605 1405 874 1446 adamantem
924 1404 1054 1444 fuisse
1094 1401 1257 1442 Plinius
1281 1386 1515 1440 XXXVII.
1547 1398 1599 1438 55

131 1486 271 1527 refert.
330 1486 364 1539 ξ.
412 1486 436 1527 3
482 1485 607 1524 Ianus
665 1483 881 1538 praeclare
938 1480 1178 1522 emendavit
1237 1481 1443 1526 conditur,
1502 1489 1600 1516 nam

131 1566 313 1606 τιθέασι
344 1568 408 1604 est
439 1562 551 1618 apud
582 1561 794 1615 Theophr.
828 1560 900 1601 IX.
937 1560 1000 1602 14.
1033 1559 1070 1601 2.

1629 1629 1710 1672 423

742 1685 773 1732 8
808 1695 850 1714 =
889 1684 981 1743 1,3.

203 1772 370 1836 Aliqui
407 1771 546 1821 etiam
585 1770 916 1835 scorpionium
967 1769 1205 1818 cucumin]
1243 1770 1443 1824 vocant,
1499 1764 1601 1814 effi-

202 1860 458 1910 cacissimo
510 1865 678 1909 contra
724 1858 1038 1923 scorpionum
1088 1857 1213 1905 ictus
1250 1860 1297 1904 et
1332 1854 1518 1904 semine
1556 1858 1603 1902 et

204 1948 414 1999 elaterio.
483 1947 563 1995 Ad
610 1947 914 2012 purgandam
965 1945 1155 2009 utrique
1209 1943 1372 1992 alvum
1426 1942 1602 1991 modus

202 2037 422 2102 portione
482 2037 636 2085 viriun
707 2065 767 2070 —
823 2064 884 2069 —
939 2051 1020 2093 —3
1079 2032 1251 2081 illitum
1297 2031 1502 2096 anginas
1555 2034 1603 2078 et

201 2125 400 2174 arterias
439 2140 548 2174 cuni
584 2124 728 2173 melle
765 2130 847 2172 aut
884 2122 995 2172 oleo
1032 2126 1199 2170 vetere
1235 2124 1388 2169 sanat.

261 2217 514 2264 scorpionum
545 2226 570 2252 a
610 2211 721 2252 idem
762 2226 817 2252 sc.
863 2209 1114 2251 vocabulum
1157 2207 1269 2263 quod
1311 2207 1437 2262 paulo
1475 2219 1603 2260 supra

135 2290 302 2345 legitur,
332 2294 584 2341 scorpionem
614 2294 727 2330 recte
761 2289 806 2343 d;
853 2288 926 2329 illa
955 2288 1066 2329 enim
1097 2286 1229 2327 herba
1267 2289 1428 2336 scorpio
1460 2283 1602 2339 appel-

136 2368 247 2409 latur
275 2368 416 2409 XXII.
449 2368 501 2411 39
535 2372 577 2408 et
607 2367 720 2422 apud
750 2366 961 2421 Theophr.
983 2365 1056 2406 VI.
1087 2367 1124 2407 4.
1156 2365 1194 2407 2.
1252 2364 1455 2405 Proxima
1473 2362 1604 2404 verba

136 2448 262 2487 Ianus
293 2451 407 2486 recte
438 2445 629 2487 distinxit
662 2445 939 2500 copulamque
978 2457 999 2484 e
1033 2443 1153 2485 codd.
1185 2443 1380 2484 restituit.
1439 2441 1602 2482 Vellem

137 2525 265 2565 etiam
310 2524 555 2566 adverbium
593 2528 785 2574 utrimque
822 2536 875 2562 ex
908 2522 1075 2576 Apuleii
1113 2522 1320 2576 scriptura
1352 2529 1478 2573 utrzq;
1538 2533 1601 2560 re-

136 2602 332 2657 cepisset.
391 2602 623 2643 Elaterium
665 2601 776 2642 enim
813 2614 838 2641 a
875 2599 1126 2640 Dioscoride
1157 2599 1228 2639 IV.
1261 2599 1340 2642 ‘152
1375 2598 1451 2652 τὴν
1482 2597 1598 2638 κάτω

136 2684 209 2722 καὶ
246 2680 322 2735 τὴν
358 2680 450 2722 ἄνω
481 2681 704 2735 κάθαρσιν
744 2678 929 2719 excitare
966 2677 1128 2719 dicitur.
1189 2678 1407 2732 Sequitur,
1452 2675 1601 2716 melius

137 2771 231 2799 cum
261 2758 287 2798 d
318 2764 359 2799 et
388 2759 560 2814 vulgata
589 2756 713 2798 scribi
745 2758 1070 2806 efficacissimum.
1129 2753 1195 2796 Ex
1239 2755 1390 2796 eodem
1421 2754 1601 2808 Apuleio

142 2838 466 2889 (proporce‘onem
495 2836 646 2889 habet)
689 2833 945 2890 praepositio
985 2847 1061 2885 pro
1100 2834 1332 2889 repetenda
1361 2838 1444 2887 est3
1485 2832 1601 2873 deni-
