1914 3237
776 155 908 197 Liber
938 155 1021 198 VI.
1555 148 1634 190 107

164 283 324 338 copula
355 289 395 324 et
426 297 449 325 e
480 279 751 335 reduplicata
788 279 928 334 prima
961 278 1192 332 proximae
1227 277 1349 319 vocis
1381 273 1555 330 syllaba
1585 286 1636 312 ac

164 370 262 404 orta
294 370 427 418 atque
458 360 700 402 scribatur:

695 433 891 477 Orcheni
918 432 1103 475 accolae.

714 547 808 596 131
835 571 881 591 =
900 546 1095 595 ibidem.
1665 554 1744 595 133

232 641 481 707 Oppidum
510 639 616 688 eius
635 638 892 700 Dabithac,
923 644 972 686 et
992 635 1207 701 iungitur
1231 634 1499 683 Chalonitis
1529 651 1637 682 cum

233 733 554 796 Ctesiphonte
587 736 668 778 rel.

276 823 341 864 lta
370 836 393 864 e
417 821 641 870 coddfsd,
672 821 931 876 quibuscum
961 817 1184 861 consentit
1212 815 1344 856 lectio
1377 815 1475 856 libri
1497 815 1538 855 R
1564 813 1639 854 da-

165 902 225 943 bit
254 901 380 953 haec,
419 901 553 942 edidit
589 899 799 954 Silligius‚
837 913 966 955 quum
1005 904 1134 938 antea
1174 895 1399 949 legeretur
1435 891 1641 934 Dibitaclz

164 981 371 1039 iimqitur.
444 980 642 1021 Eandem
682 981 836 1020 urbem
878 978 1160 1018 Ptolemaeus
1193 973 1245 1016 V.
1279 972 1342 1014 18.
1365 972 1407 1015 9.
1451 971 1641 1027 Δόρβητα

165 1058 380 1114 appellat:
411 1067 600 1113 apparet
631 1059 760 1112 igitur
783 1057 1041 1098 familiarem
1058 1054 1280 1096 Semiticis
1305 1051 1464 1106 linguis
1492 1051 1640 1091 termi-

162 1138 383 1178 nationem
415 1151 455 1186 a,
485 1150 597 1191 quae
630 1136 933 1177 Hebraeorum
962 1142 997 1185 Π
1027 1133 1293 1187 respondet,
1333 1131 1434 1171 huic
1466 1142 1641 1183 quoque

164 1216 328 1272 oppido
360 1215 633 1257 reddendam
664 1227 780 1267 esse,
812 1220 855 1254 et
883 1197 1029 1253 deleia
1060 1210 1220 1264 copula
1251 1222 1363 1264 quae
1394 1208 1550 1248 eodem
1582 1208 1643 1248 vi—

168 1295 224 1337 tio
244 1295 282 1337 ei
299 1294 494 1336 accrevit
507 1294 622 1350 quod
642 1293 841 1348 proxime
859 1290 1249 1346 deprehendimus,
1269 1287 1504 1342 legendum
1519 1299 1640 1327 esse:

706 1396 762 1402 —
789 1369 999 1421 Dabitha,
1032 1375 1084 1411 et.

709 1483 808 1532 134
827 1509 877 1530 =
898 1482 1095 1531 ibidem.
1669 1501 1748 1543 134

238 1606 301 1614 —
340 1592 490 1642 supra
518 1575 780 1624 Cossiaeos
815 1575 876 1622 ad
907 1573 1293 1639 septentrionem
1323 1571 1641 1619 Mesabatene

235 1669 325 1715 sub
358 1674 520 1715 monte
542 1665 823 1714 Cambalido
856 1664 939 1730 qui
980 1673 1056 1712 est
1078 1663 1285 1713 Caucasi
1321 1678 1503 1721 ramus,
1532 1659 1642 1708 inde

236 1757 519 1806 mollissimo
552 1763 712 1804 tractu
751 1755 801 1804 in
836 1756 1112 1804 Bactros.

280 1858 543 1899 Bactrorum
574 1857 614 1897 in
636 1856 898 1901 hoctractu
920 1856 1185 1898 mentionem
1214 1852 1315 1895 fieri.
1329 1867 1418 1894 non
1444 1853 1643 1907 potuisse

169 1936 451 1978 manifestum
483 1943 572 1992 est,
608 1937 770 1991 quippe
805 1937 876 1992 qui
914 1949 1073 1991 magno
1105 1933 1337 1976 intervallo
1368 1940 1644 1987 separentur.

169 2016 332 2058 Medos
364 2017 699 2057 accuratissime
733 2017 933 2066 dixisset,
966 2030 1096 2072 quum
1129 2015 1352 2057 Strabone
1383 2019 1497 2054 teste
1528 2011 1644 2053 XVI.

168 2110 210 2150 p.
232 2095 325 2136 744.
355 2109 378 2135 e
407 2095 558 2136 Media
590 2105 632 2137 et
665 2095 797 2149 Zagri
829 2095 987 2137 montis
1018 2095 1180 2136 vicinia
1211 2092 1444 2135 facillimus
1472 2092 1515 2132 in
1544 2090 1643 2145 Ely-

168 2175 355 2216 maidem
396 2175 541 2215 aditus
581 2187 663 2228 per
692 2173 1015 2215 Mesabatenen
1046 2180 1211 2228 pateat.
1283 2172 1373 2213 Sed
1402 2171 1646 2212 memineri-

168 2268 265 2295 mus
308 2254 537 2295 transitum
581 2254 638 2293 ad
682 2252 916 2306 superiora
954 2252 1214 2293 Parthorum
1266 2264 1407 2305 regna
1456 2250 1646 2292 describi

171 2333 366 2387 (cf.112.
389 2340 431 2375 et
456 2332 576 2387 116),
606 2332 929 2372 Mesabatenen
960 2338 1105 2372 autem
1136 2344 1161 2371 a
1193 2329 1447 2372 Ptolemaeo
1469 2329 1540 2371 Vl.
1555 2329 1593 2369 4.
1608 2328 1645 2370 3.

172 2412 502 2454 Paraetacenes
521 2424 635 2466 quae
652 2410 1094 2464 Mediamadiaceat,
1124 2424 1151 2452 a
1183 2410 1483 2465 septentrione
1515 2409 1647 2451 collo-

171 2492 278 2542 cari,
312 2491 453 2533 Plinio
485 2500 629 2533 autem
662 2498 842 2532 auctore
872 2489 941 2532 l.l.
967 2491 1299 2531 Paraetacenos
1327 2490 1441 2531 inter
1461 2488 1648 2530 Parthos

172 2577 216 2612 et
242 2570 436 2612 Arianos
466 2584 734 2613 excurrere:
765 2576 896 2625 atque
929 2571 995 2611 sic
1024 2568 1314 2624 intelligemus
1338 2567 1382 2611 h.
1402 2568 1426 2609 l.
1460 2583 1539 2622 pro
1562 2569 1648 2609 Ba-

173 2655 284 2689 ctros
319 2651 623 2704 reponendum
655 2663 758 2691 esse
795 2648 1053 2691 simillimum
1082 2648 1369 2691 vocabulum:
1411 2647 1647 2689 Parthos.

172 2726 423 2783 Hedypnon
455 2743 555 2770 cum
589 2729 790 2770 Pintiano
832 2742 855 2770 e
888 2728 1032 2769 Strab.
1064 2731 1090 2770 Ι.
1114 2728 1140 2770 l.
1182 2729 1223 2769 in
1258 2727 1519 2784 Hedyplmm
1557 2741 1649 2767 mu-

174 2807 347 2848 tandum
382 2814 462 2849 est.
