<?xml version="1.0" encoding="UTF-8"?>
<!DOCTYPE html PUBLIC "-//W3C//DTD XHTML 1.0 Transitional//EN"
    "http://www.w3.org/TR/xhtml1/DTD/xhtml1-transitional.dtd">
<html xmlns="http://www.w3.org/1999/xhtml" xml:lang="en" lang="en">
 <head>
  <title>
</title>
<meta http-equiv="Content-Type" content="text/html;charset=utf-8" />
  <meta name='ocr-system' content='tesseract 3.04.00' />
  <meta name='ocr-capabilities' content='ocr_page ocr_carea ocr_par ocr_line ocrx_word'/>
</head>
<body>
  <div class='ocr_page' id='page_1' title='image "./vindiciaeplinian00urliuoft_0298.png"; bbox 0 0 1914 3237; ppageno 0'>
   <div class='ocr_carea' id='block_1_1' title="bbox 161 475 243 519">
    <p class='ocr_par' dir='ltr' id='par_1_1' title="bbox 161 475 243 519">
     <span class='ocr_line' id='line_1_1' title="bbox 161 475 243 519; baseline -0.024 0"><span class='ocrx_word' id='word_1_1' title='bbox 161 475 243 519; x_wconf 80' lang='lat'>438</span> 
     </span>
    </p>
   </div>
   <div class='ocr_carea' id='block_1_2' title="bbox 158 1243 239 1287">
    <p class='ocr_par' dir='ltr' id='par_1_2' title="bbox 158 1243 239 1287">
     <span class='ocr_line' id='line_1_2' title="bbox 158 1243 239 1287; baseline 0 -1"><span class='ocrx_word' id='word_1_2' title='bbox 158 1243 239 1287; x_wconf 82' lang='lat'>439</span> 
     </span>
    </p>
   </div>
   <div class='ocr_carea' id='block_1_3' title="bbox 271 167 1123 212">
    <p class='ocr_par' dir='ltr' id='par_1_3' title="bbox 271 167 1123 212">
     <span class='ocr_line' id='line_1_3' title="bbox 271 167 1123 212; baseline -0.002 -1"><span class='ocrx_word' id='word_1_3' title='bbox 271 167 327 212; x_wconf 81' lang='grc'>98</span> <span class='ocrx_word' id='word_1_4' title='bbox 883 170 998 210; x_wconf 81' lang='lat' dir='ltr'>Liber</span> <span class='ocrx_word' id='word_1_5' title='bbox 1028 171 1123 209; x_wconf 83' lang='lat' dir='ltr'>XX.</span> 
     </span>
    </p>
   </div>
   <div class='ocr_carea' id='block_1_4' title="bbox 256 299 1736 2859">
    <p class='ocr_par' dir='ltr' id='par_1_4' title="bbox 273 299 1733 506">
     <span class='ocr_line' id='line_1_4' title="bbox 273 299 1733 356; baseline 0.002 -17"><span class='ocrx_word' id='word_1_6' title='bbox 273 300 355 340; x_wconf 84' lang='lat' dir='ltr'>iam</span> <span class='ocrx_word' id='word_1_7' title='bbox 388 303 514 340; x_wconf 80' lang='lat' dir='ltr'>antea</span> <span class='ocrx_word' id='word_1_8' title='bbox 542 299 698 340; x_wconf 89' lang='lat' dir='ltr'>dictum</span> <span class='ocrx_word' id='word_1_9' title='bbox 730 305 843 353; x_wconf 81' lang='lat' dir='ltr'>erat,</span> <span class='ocrx_word' id='word_1_10' title='bbox 874 300 1056 342; x_wconf 81' lang='lat' dir='ltr'>delenda</span> <span class='ocrx_word' id='word_1_11' title='bbox 1088 305 1185 341; x_wconf 81' lang='lat' dir='ltr'>sunt</span> <span class='ocrx_word' id='word_1_12' title='bbox 1212 300 1459 353; x_wconf 79' lang='lat' dir='ltr'>manifesto,</span> <span class='ocrx_word' id='word_1_13' title='bbox 1491 314 1514 341; x_wconf 91' lang='lat' dir='ltr'>e</span> <span class='ocrx_word' id='word_1_14' title='bbox 1544 304 1733 356; x_wconf 78' lang='lat' dir='ltr'>margine</span> 
     </span>
     <span class='ocr_line' id='line_1_5' title="bbox 273 376 927 433; baseline 0.002 -16"><span class='ocrx_word' id='word_1_15' title='bbox 273 377 371 418; x_wconf 87' lang='lat' dir='ltr'>olim</span> <span class='ocrx_word' id='word_1_16' title='bbox 400 376 550 418; x_wconf 82' lang='lat' dir='ltr'>indicis</span> <span class='ocrx_word' id='word_1_17' title='bbox 579 377 670 418; x_wconf 87' lang='lat' dir='ltr'>loco</span> <span class='ocrx_word' id='word_1_18' title='bbox 701 377 927 433; x_wconf 84' lang='lat' dir='ltr'>adscripta.</span> 
     </span>
     <span class='ocr_line' id='line_1_6' title="bbox 832 451 1176 506; baseline 0.003 -9"><span class='ocrx_word' id='word_1_19' title='bbox 832 453 922 498; x_wconf 75' lang='lat'>1⁶20</span> <span class='ocrx_word' id='word_1_20' title='bbox 946 464 997 483; x_wconf 69' lang='grc' dir='ltr'><strong>Ξ</strong></span> <span class='ocrx_word' id='word_1_21' title='bbox 1021 451 1176 506; x_wconf 80' lang='grc'><strong>12,48.</strong></span> 
     </span>
    </p>

    <p class='ocr_par' dir='ltr' id='par_1_5' title="bbox 267 535 1736 1210">
     <span class='ocr_line' id='line_1_7' title="bbox 382 535 1732 587; baseline 0.001 -13"><span class='ocrx_word' id='word_1_22' title='bbox 382 535 446 574; x_wconf 92' lang='lat' dir='ltr'>De</span> <span class='ocrx_word' id='word_1_23' title='bbox 494 535 629 575; x_wconf 87' lang='lat' dir='ltr'>ocimo</span> <span class='ocrx_word' id='word_1_24' title='bbox 669 535 820 576; x_wconf 86' lang='lat' dir='ltr'>medici</span> <span class='ocrx_word' id='word_1_25' title='bbox 867 538 973 575; x_wconf 87' lang='lat' dir='ltr'>inter</span> <span class='ocrx_word' id='word_1_26' title='bbox 1020 549 1065 575; x_wconf 84' lang='lat' dir='ltr'>se</span> <span class='ocrx_word' id='word_1_27' title='bbox 1116 535 1339 576; x_wconf 79' lang='lat' dir='ltr'>dissentire</span> <span class='ocrx_word' id='word_1_28' title='bbox 1384 535 1628 587; x_wconf 83' lang='lat' dir='ltr'>traduntur,</span> <span class='ocrx_word' id='word_1_29' title='bbox 1671 537 1732 576; x_wconf 88' lang='lat' dir='ltr'>in-</span> 
     </span>
     <span class='ocr_line' id='line_1_8' title="bbox 271 612 1731 668; baseline 0.001 -17"><span class='ocrx_word' id='word_1_30' title='bbox 271 615 335 652; x_wconf 85' lang='lat' dir='ltr'>ter</span> <span class='ocrx_word' id='word_1_31' title='bbox 365 625 468 666; x_wconf 84' lang='lat' dir='ltr'>quos</span> <span class='ocrx_word' id='word_1_32' title='bbox 490 615 689 654; x_wconf 80' lang='lat' dir='ltr'>Diodorus</span> <span class='ocrx_word' id='word_1_33' title='bbox 718 613 758 653; x_wconf 91' lang='lat' dir='ltr'>in</span> <span class='ocrx_word' id='word_1_34' title='bbox 778 615 858 655; x_wconf 70' lang='lat' dir='ltr'>&amp;a</span> <span class='ocrx_word' id='word_1_35' title='bbox 876 612 938 652; x_wconf 89' lang='lat' dir='ltr'>dr</span> <span class='ocrx_word' id='word_1_36' title='bbox 968 612 1220 664; x_wconf 82' lang='lat' dir='ltr'>nominatur,</span> <span class='ocrx_word' id='word_1_37' title='bbox 1251 612 1361 653; x_wconf 87' lang='lat' dir='ltr'>idem</span> <span class='ocrx_word' id='word_1_38' title='bbox 1392 618 1437 654; x_wconf 90' lang='lat' dir='ltr'>ut</span> <span class='ocrx_word' id='word_1_39' title='bbox 1468 613 1632 654; x_wconf 85' lang='lat' dir='ltr'>videtur</span> <span class='ocrx_word' id='word_1_40' title='bbox 1663 614 1731 668; x_wconf 94' lang='lat' dir='ltr'>qui</span> 
     </span>
     <span class='ocr_line' id='line_1_9' title="bbox 270 688 1732 736; baseline 0 -6"><span class='ocrx_word' id='word_1_41' title='bbox 270 688 432 730; x_wconf 85' lang='lat' dir='ltr'>XXIX.</span> <span class='ocrx_word' id='word_1_42' title='bbox 464 690 543 732; x_wconf 83' lang='lat'>142</span> <span class='ocrx_word' id='word_1_43' title='bbox 580 690 788 730; x_wconf 81' lang='lat' dir='ltr'>laudatur.</span> <span class='ocrx_word' id='word_1_44' title='bbox 847 690 980 736; x_wconf 80' lang='lat' dir='ltr'>Quem</span> <span class='ocrx_word' id='word_1_45' title='bbox 1022 690 1164 730; x_wconf 85' lang='lat' dir='ltr'>nescio</span> <span class='ocrx_word' id='word_1_46' title='bbox 1203 703 1277 730; x_wconf 88' lang='lat' dir='ltr'>cur</span> <span class='ocrx_word' id='word_1_47' title='bbox 1313 704 1376 730; x_wconf 90' lang='lat' dir='ltr'>vv.</span> <span class='ocrx_word' id='word_1_48' title='bbox 1416 690 1485 730; x_wconf 85' lang='lat' dir='ltr'>dd.</span> <span class='ocrx_word' id='word_1_49' title='bbox 1526 693 1732 731; x_wconf 79' lang='lat' dir='ltr'>Diodotum</span> 
     </span>
     <span class='ocr_line' id='line_1_10' title="bbox 271 766 1731 822; baseline 0 -15"><span class='ocrx_word' id='word_1_50' title='bbox 271 767 505 822; x_wconf 82' lang='lat' dir='ltr'>appellent,</span> <span class='ocrx_word' id='word_1_51' title='bbox 551 768 620 822; x_wconf 93' lang='lat' dir='ltr'>qui</span> <span class='ocrx_word' id='word_1_52' title='bbox 652 770 690 819; x_wconf 62' lang='grc' dir='ltr'>ξ.</span> <span class='ocrx_word' id='word_1_53' title='bbox 720 769 770 810; x_wconf 78' lang='grc'>77</span> <span class='ocrx_word' id='word_1_54' title='bbox 810 772 1172 808; x_wconf 83' lang='lat' dir='ltr'>commemoratur.</span> <span class='ocrx_word' id='word_1_55' title='bbox 1233 766 1430 807; x_wconf 82' lang='lat' dir='ltr'>Ceterum</span> <span class='ocrx_word' id='word_1_56' title='bbox 1462 768 1498 820; x_wconf 68' lang='grc' dir='ltr'>ἓ.</span> <span class='ocrx_word' id='word_1_57' title='bbox 1530 767 1609 810; x_wconf 83' lang='grc'>119</span> <span class='ocrx_word' id='word_1_58' title='bbox 1639 782 1731 808; x_wconf 87' lang='lat' dir='ltr'>cum</span> 
     </span>
     <span class='ocr_line' id='line_1_11' title="bbox 274 844 1736 899; baseline -0.002 -12"><span class='ocrx_word' id='word_1_59' title='bbox 274 847 312 887; x_wconf 88' lang='grc' dir='ltr'>Θ</span> <span class='ocrx_word' id='word_1_60' title='bbox 357 858 519 885; x_wconf 84' lang='lat' dir='ltr'>censens</span> <span class='ocrx_word' id='word_1_61' title='bbox 563 845 704 899; x_wconf 85' lang='lat' dir='ltr'>legere</span> <span class='ocrx_word' id='word_1_62' title='bbox 752 845 908 884; x_wconf 86' lang='lat' dir='ltr'>malim.</span> <span class='ocrx_word' id='word_1_63' title='bbox 967 848 1003 897; x_wconf 62' lang='grc' dir='ltr'>ξ.</span> <span class='ocrx_word' id='word_1_64' title='bbox 1058 845 1134 887; x_wconf 58' lang='grc'>122</span> <span class='ocrx_word' id='word_1_65' title='bbox 1183 844 1523 898; x_wconf 81' lang='lat' dir='ltr'>interpunctione</span> <span class='ocrx_word' id='word_1_66' title='bbox 1569 845 1736 886; x_wconf 81' lang='lat' dir='ltr'>sublata</span> 
     </span>
     <span class='ocr_line' id='line_1_12' title="bbox 269 922 1732 974; baseline 0.001 -13"><span class='ocrx_word' id='word_1_67' title='bbox 269 922 535 962; x_wconf 85' lang='lat' dir='ltr'>scribendum</span> <span class='ocrx_word' id='word_1_68' title='bbox 568 926 651 962; x_wconf 77' lang='lat' dir='ltr'>est:</span> <span class='ocrx_word' id='word_1_69' title='bbox 684 925 854 963; x_wconf 70' lang='lat' dir='ltr'>choleris</span> <span class='ocrx_word' id='word_1_70' title='bbox 883 926 1166 963; x_wconf 74' lang='lat' dir='ltr'>destillationes</span> <span class='ocrx_word' id='word_1_71' title='bbox 1194 925 1386 963; x_wconf 73' lang='lat' dir='ltr'>stomachi</span> <span class='ocrx_word' id='word_1_72' title='bbox 1415 926 1603 974; x_wconf 73' lang='lat' dir='ltr'>inhiberi,</span> <span class='ocrx_word' id='word_1_73' title='bbox 1636 936 1732 962; x_wconf 85' lang='lat' dir='ltr'>uam</span> 
     </span>
     <span class='ocr_line' id='line_1_13' title="bbox 269 999 1731 1054; baseline 0.001 -15"><span class='ocrx_word' id='word_1_74' title='bbox 269 1013 345 1040; x_wconf 89' lang='lat' dir='ltr'>eae</span> <span class='ocrx_word' id='word_1_75' title='bbox 378 999 572 1040; x_wconf 82' lang='lat' dir='ltr'>cholerae</span> <span class='ocrx_word' id='word_1_76' title='bbox 602 1000 796 1054; x_wconf 87' lang='lat' dir='ltr'>propriae</span> <span class='ocrx_word' id='word_1_77' title='bbox 827 1005 938 1051; x_wconf 84' lang='lat' dir='ltr'>sunt,</span> <span class='ocrx_word' id='word_1_78' title='bbox 969 1001 1003 1053; x_wconf 68' lang='grc' dir='ltr'>ξ.</span> <span class='ocrx_word' id='word_1_79' title='bbox 1032 1000 1110 1042; x_wconf 69' lang='grc'>123</span> <span class='ocrx_word' id='word_1_80' title='bbox 1141 1004 1423 1041; x_wconf 73' lang='lat' dir='ltr'>destillationes</span> <span class='ocrx_word' id='word_1_81' title='bbox 1454 1004 1597 1051; x_wconf 77' lang='lat' dir='ltr'>capitis</span> <span class='ocrx_word' id='word_1_82' title='bbox 1631 1008 1731 1045; x_wconf 84' lang='lat' dir='ltr'>(nec</span> 
     </span>
     <span class='ocr_line' id='line_1_14' title="bbox 267 1076 1734 1134; baseline -0.001 -15"><span class='ocrx_word' id='word_1_83' title='bbox 267 1081 414 1130; x_wconf 80' lang='lat' dir='ltr'>capili)</span> <span class='ocrx_word' id='word_1_84' title='bbox 475 1091 567 1117; x_wconf 89' lang='lat' dir='ltr'>cum</span> <span class='ocrx_word' id='word_1_85' title='bbox 608 1091 633 1117; x_wconf 87' lang='lat' dir='ltr'>a</span> <span class='ocrx_word' id='word_1_86' title='bbox 670 1076 918 1117; x_wconf 87' lang='lat' dir='ltr'>Dioscoride</span> <span class='ocrx_word' id='word_1_87' title='bbox 947 1076 1002 1118; x_wconf 94' lang='grc' dir='ltr'>ΙΙ.</span> <span class='ocrx_word' id='word_1_88' title='bbox 1037 1077 1114 1121; x_wconf 81' lang='grc'>170</span> <span class='ocrx_word' id='word_1_89' title='bbox 1171 1076 1366 1134; x_wconf 82' lang='grc' dir='ltr'><em>ῥεύματα</em></span> <span class='ocrx_word' id='word_1_90' title='bbox 1416 1082 1639 1127; x_wconf 84' lang='lat' dir='ltr'>vocentur,</span> <span class='ocrx_word' id='word_1_91' title='bbox 1688 1083 1734 1117; x_wconf 85' lang='lat' dir='ltr'>ut</span> 
     </span>
     <span class='ocr_line' id='line_1_15' title="bbox 269 1154 1198 1210; baseline -0.002 -13"><span class='ocrx_word' id='word_1_92' title='bbox 269 1154 410 1196; x_wconf 86' lang='lat' dir='ltr'><strong>XXH.</strong></span> <span class='ocrx_word' id='word_1_93' title='bbox 441 1156 492 1197; x_wconf 81' lang='lat'>35</span> <span class='ocrx_word' id='word_1_94' title='bbox 524 1159 804 1196; x_wconf 75' lang='lat' dir='ltr'>destillationes</span> <span class='ocrx_word' id='word_1_95' title='bbox 834 1159 978 1196; x_wconf 80' lang='lat' dir='ltr'>ventris</span> <span class='ocrx_word' id='word_1_96' title='bbox 1007 1155 1198 1210; x_wconf 87' lang='lat' dir='ltr'>legimus.</span> 
     </span>
    </p>

    <p class='ocr_par' dir='ltr' id='par_1_6' title="bbox 332 1232 1664 1374">
     <span class='ocr_line' id='line_1_16' title="bbox 336 1232 1664 1298; baseline -0.001 -15"><span class='ocrx_word' id='word_1_97' title='bbox 336 1237 681 1291; x_wconf 74' lang='lat'>127=13,50.</span> <span class='ocrx_word' id='word_1_98' title='bbox 721 1233 811 1293; x_wconf 85' lang='lat' dir='ltr'>(de</span> <span class='ocrx_word' id='word_1_99' title='bbox 839 1234 1122 1294; x_wconf 81' lang='lat' dir='ltr'>nasturtiO).</span> <span class='ocrx_word' id='word_1_100' title='bbox 1161 1232 1321 1282; x_wconf 85' lang='lat' dir='ltr'>alvum</span> <span class='ocrx_word' id='word_1_101' title='bbox 1343 1239 1518 1298; x_wconf 81' lang='lat' dir='ltr'>purgat</span> <span class='ocrx_word' id='word_1_102' title='bbox 1554 1271 1564 1282; x_wconf 86' lang='lat'><strong>.</strong></span> <span class='ocrx_word' id='word_1_103' title='bbox 1603 1271 1613 1282; x_wconf 85' lang='lat'><strong>.</strong></span> <span class='ocrx_word' id='word_1_104' title='bbox 1654 1271 1664 1282; x_wconf 87' lang='lat'><strong>.</strong></span> 
     </span>
     <span class='ocr_line' id='line_1_17' title="bbox 332 1310 1553 1374; baseline 0 -16"><span class='ocrx_word' id='word_1_105' title='bbox 332 1310 489 1359; x_wconf 78' lang='lat' dir='ltr'>visun]</span> <span class='ocrx_word' id='word_1_106' title='bbox 528 1315 830 1374; x_wconf 80' lang='lat' dir='ltr'>compurgat‚</span> <span class='ocrx_word' id='word_1_107' title='bbox 869 1315 1137 1359; x_wconf 81' lang='lat' dir='ltr'>commotas</span> <span class='ocrx_word' id='word_1_108' title='bbox 1173 1315 1361 1359; x_wconf 83' lang='lat' dir='ltr'>mentes</span> <span class='ocrx_word' id='word_1_109' title='bbox 1398 1310 1553 1359; x_wconf 82' lang='lat' dir='ltr'>sedat.</span> 
     </span>
    </p>

    <p class='ocr_par' dir='ltr' id='par_1_7' title="bbox 256 1397 1735 2859">
     <span class='ocr_line' id='line_1_18' title="bbox 377 1397 1733 1453; baseline -0.001 -14"><span class='ocrx_word' id='word_1_110' title='bbox 377 1399 596 1439; x_wconf 89' lang='lat' dir='ltr'>Insolitum</span> <span class='ocrx_word' id='word_1_111' title='bbox 627 1397 877 1440; x_wconf 87' lang='lat' dir='ltr'>vocabulum</span> <span class='ocrx_word' id='word_1_112' title='bbox 910 1412 932 1438; x_wconf 89' lang='lat' dir='ltr'>e</span> <span class='ocrx_word' id='word_1_113' title='bbox 956 1398 1137 1453; x_wconf 82' lang='lat' dir='ltr'>proximi</span> <span class='ocrx_word' id='word_1_114' title='bbox 1168 1399 1285 1438; x_wconf 87' lang='lat' dir='ltr'>initio</span> <span class='ocrx_word' id='word_1_115' title='bbox 1307 1398 1387 1438; x_wconf 85' lang='lat' dir='ltr'>huc</span> <span class='ocrx_word' id='word_1_116' title='bbox 1418 1398 1599 1453; x_wconf 82' lang='lat' dir='ltr'>irrepsit,</span> <span class='ocrx_word' id='word_1_117' title='bbox 1631 1411 1733 1452; x_wconf 93' lang='lat' dir='ltr'>quo-</span> 
     </span>
     <span class='ocr_line' id='line_1_19' title="bbox 266 1476 1735 1530; baseline -0.001 -13"><span class='ocrx_word' id='word_1_118' title='bbox 266 1476 392 1517; x_wconf 91' lang='lat' dir='ltr'>modo</span> <span class='ocrx_word' id='word_1_119' title='bbox 423 1491 461 1518; x_wconf 89' lang='lat' dir='ltr'>v.</span> <span class='ocrx_word' id='word_1_120' title='bbox 489 1481 650 1518; x_wconf 77' lang='lat' dir='ltr'>strumis</span> <span class='ocrx_word' id='word_1_121' title='bbox 693 1476 818 1530; x_wconf 89' lang='lat' dir='ltr'>paulo</span> <span class='ocrx_word' id='word_1_122' title='bbox 851 1489 977 1530; x_wconf 89' lang='lat' dir='ltr'>supra</span> <span class='ocrx_word' id='word_1_123' title='bbox 1014 1476 1054 1515; x_wconf 90' lang='lat' dir='ltr'>in</span> <span class='ocrx_word' id='word_1_124' title='bbox 1086 1489 1110 1516; x_wconf 86' lang='lat' dir='ltr'>a</span> <span class='ocrx_word' id='word_1_125' title='bbox 1139 1476 1248 1516; x_wconf 88' lang='lat' dir='ltr'>male</span> <span class='ocrx_word' id='word_1_126' title='bbox 1278 1477 1502 1530; x_wconf 85' lang='lat' dir='ltr'>repetitum</span> <span class='ocrx_word' id='word_1_127' title='bbox 1535 1481 1648 1527; x_wconf 86' lang='lat' dir='ltr'>erat,</span> <span class='ocrx_word' id='word_1_128' title='bbox 1693 1482 1735 1516; x_wconf 90' lang='lat' dir='ltr'>et</span> 
     </span>
     <span class='ocr_line' id='line_1_20' title="bbox 268 1553 1734 1605; baseline 0 -10"><span class='ocrx_word' id='word_1_129' title='bbox 268 1555 535 1596; x_wconf 88' lang='lat' dir='ltr'>scribendum</span> <span class='ocrx_word' id='word_1_130' title='bbox 568 1555 666 1595; x_wconf 86' lang='lat' dir='ltr'>erit:</span> <span class='ocrx_word' id='word_1_131' title='bbox 693 1562 854 1605; x_wconf 72' lang='lat' dir='ltr'>purqal.</span> <span class='ocrx_word' id='word_1_132' title='bbox 887 1553 1045 1594; x_wconf 83' lang='lat' dir='ltr'>Contra</span> <span class='ocrx_word' id='word_1_133' title='bbox 1068 1554 1244 1594; x_wconf 85' lang='lat' dir='ltr'>alterum</span> <span class='ocrx_word' id='word_1_134' title='bbox 1281 1554 1530 1594; x_wconf 84' lang='lat' dir='ltr'>vocabulum</span> <span class='ocrx_word' id='word_1_135' title='bbox 1563 1554 1734 1595; x_wconf 88' lang='lat' dir='ltr'>alterius</span> 
     </span>
     <span class='ocr_line' id='line_1_21' title="bbox 266 1632 1733 1687; baseline -0.001 -14"><span class='ocrx_word' id='word_1_136' title='bbox 266 1632 539 1673; x_wconf 78' lang='lat' dir='ltr'>similitudine</span> <span class='ocrx_word' id='word_1_137' title='bbox 582 1632 825 1687; x_wconf 81' lang='lat' dir='ltr'>absorptum</span> <span class='ocrx_word' id='word_1_138' title='bbox 857 1637 945 1684; x_wconf 79' lang='lat' dir='ltr'>est,</span> <span class='ocrx_word' id='word_1_139' title='bbox 992 1645 1072 1686; x_wconf 90' lang='lat' dir='ltr'>quo</span> <span class='ocrx_word' id='word_1_140' title='bbox 1119 1632 1312 1672; x_wconf 88' lang='lat' dir='ltr'>restituto</span> <span class='ocrx_word' id='word_1_141' title='bbox 1358 1632 1583 1687; x_wconf 84' lang='lat' dir='ltr'>legendum</span> <span class='ocrx_word' id='word_1_142' title='bbox 1636 1632 1733 1672; x_wconf 86' lang='lat' dir='ltr'>erit:</span> 
     </span>
     <span class='ocr_line' id='line_1_22' title="bbox 266 1709 1733 1764; baseline 0 -13"><span class='ocrx_word' id='word_1_143' title='bbox 266 1714 424 1751; x_wconf 79' lang='lat' dir='ltr'>album</span> <span class='ocrx_word' id='word_1_144' title='bbox 456 1715 584 1752; x_wconf 76' lang='lat' dir='ltr'>alvum</span> <span class='ocrx_word' id='word_1_145' title='bbox 618 1718 777 1762; x_wconf 71' lang='lat' dir='ltr'>pnryal.</span> <span class='ocrx_word' id='word_1_146' title='bbox 839 1710 987 1763; x_wconf 71' lang='lat'>§.129</span> <span class='ocrx_word' id='word_1_147' title='bbox 1017 1709 1057 1750; x_wconf 78' lang='lat' dir='ltr'>S.</span> <span class='ocrx_word' id='word_1_148' title='bbox 1089 1710 1112 1752; x_wconf 88' lang='lat' dir='ltr'>l.</span> <span class='ocrx_word' id='word_1_149' title='bbox 1146 1711 1402 1764; x_wconf 87' lang='lat' dir='ltr'>scripserunt</span> <span class='ocrx_word' id='word_1_150' title='bbox 1433 1714 1574 1762; x_wconf 79' lang='lat' dir='ltr'>capitis</span> <span class='ocrx_word' id='word_1_151' title='bbox 1606 1713 1733 1751; x_wconf 86' lang='lat' dir='ltr'>dolori</span> 
     </span>
     <span class='ocr_line' id='line_1_23' title="bbox 264 1788 1731 1843; baseline -0.001 -13"><span class='ocrx_word' id='word_1_152' title='bbox 264 1797 404 1830; x_wconf 80' lang='lat' dir='ltr'>contra</span> <span class='ocrx_word' id='word_1_153' title='bbox 429 1793 500 1842; x_wconf 83' lang='lat' dir='ltr'>ire,</span> <span class='ocrx_word' id='word_1_154' title='bbox 531 1789 699 1830; x_wconf 85' lang='lat' dir='ltr'>codices</span> <span class='ocrx_word' id='word_1_155' title='bbox 724 1789 999 1843; x_wconf 80' lang='lat' dir='ltr'>interpolatos</span> <span class='ocrx_word' id='word_1_156' title='bbox 1030 1788 1064 1828; x_wconf 81' lang='lat' dir='ltr'><strong>T</strong></span> <span class='ocrx_word' id='word_1_157' title='bbox 1082 1788 1106 1828; x_wconf 90' lang='lat' dir='ltr'>d</span> <span class='ocrx_word' id='word_1_158' title='bbox 1139 1788 1293 1829; x_wconf 86' lang='lat' dir='ltr'>secuti:</span> <span class='ocrx_word' id='word_1_159' title='bbox 1342 1791 1480 1828; x_wconf 81' lang='lat' dir='ltr'>dolore</span> <span class='ocrx_word' id='word_1_160' title='bbox 1510 1792 1676 1829; x_wconf 80' lang='lat' dir='ltr'>contrite</span> <span class='ocrx_word' id='word_1_161' title='bbox 1708 1802 1731 1829; x_wconf 86' lang='lat' dir='ltr'>a</span> 
     </span>
     <span class='ocr_line' id='line_1_24' title="bbox 264 1867 1733 1920; baseline -0.001 -12"><span class='ocrx_word' id='word_1_162' title='bbox 264 1867 450 1920; x_wconf 80' lang='lat' dir='ltr'>exhibet,</span> <span class='ocrx_word' id='word_1_163' title='bbox 480 1868 504 1908; x_wconf 92' lang='lat' dir='ltr'>i.</span> <span class='ocrx_word' id='word_1_164' title='bbox 525 1881 559 1908; x_wconf 83' lang='lat' dir='ltr'>e.</span> <span class='ocrx_word' id='word_1_165' title='bbox 591 1871 764 1908; x_wconf 80' lang='lat' dir='ltr'>dolorem</span> <span class='ocrx_word' id='word_1_166' title='bbox 781 1872 961 1908; x_wconf 81' lang='lat' dir='ltr'>contrito.</span> <span class='ocrx_word' id='word_1_167' title='bbox 993 1867 1028 1919; x_wconf 73' lang='grc' dir='ltr'>ξ.</span> <span class='ocrx_word' id='word_1_168' title='bbox 1051 1868 1127 1909; x_wconf 74' lang='grc'>138</span> <span class='ocrx_word' id='word_1_169' title='bbox 1149 1875 1241 1907; x_wconf 80' lang='lat' dir='ltr'>ante</span> <span class='ocrx_word' id='word_1_170' title='bbox 1270 1871 1538 1907; x_wconf 78' lang='lat' dir='ltr'>successiones</span> <span class='ocrx_word' id='word_1_171' title='bbox 1568 1881 1733 1917; x_wconf 78' lang='lat' dir='ltr'>quarum</span> 
     </span>
     <span class='ocr_line' id='line_1_25' title="bbox 257 1941 1732 2001; baseline -0.001 -14"><span class='ocrx_word' id='word_1_172' title='bbox 257 1947 390 1997; x_wconf 72' lang='lat' dir='ltr'>friyus</span> <span class='ocrx_word' id='word_1_173' title='bbox 419 1949 664 1987; x_wconf 75' lang='lat' dir='ltr'>intolerabile</span> <span class='ocrx_word' id='word_1_174' title='bbox 693 1953 748 1985; x_wconf 82' lang='lat' dir='ltr'>est</span> <span class='ocrx_word' id='word_1_175' title='bbox 777 1946 819 1985; x_wconf 91' lang='lat' dir='ltr'>in</span> <span class='ocrx_word' id='word_1_176' title='bbox 851 1944 943 1985; x_wconf 88' lang='lat' dir='ltr'>cod.</span> <span class='ocrx_word' id='word_1_177' title='bbox 979 1959 1003 1985; x_wconf 89' lang='lat' dir='ltr'>a</span> <span class='ocrx_word' id='word_1_178' title='bbox 1033 1945 1208 1999; x_wconf 81' lang='lat' dir='ltr'>legitur,</span> <span class='ocrx_word' id='word_1_179' title='bbox 1238 1958 1346 1998; x_wconf 88' lang='lat' dir='ltr'>quae</span> <span class='ocrx_word' id='word_1_180' title='bbox 1377 1942 1471 2000; x_wconf 78' lang='grc' dir='ltr'><em>ῥίγη</em></span> <span class='ocrx_word' id='word_1_181' title='bbox 1502 1941 1732 2001; x_wconf 80' lang='grc' dir='ltr'><em>περιοδικά</em></span> 
     </span>
     <span class='ocr_line' id='line_1_26' title="bbox 262 2022 1734 2079; baseline -0.001 -15"><span class='ocrx_word' id='word_1_182' title='bbox 262 2024 375 2079; x_wconf 88' lang='lat' dir='ltr'>apud</span> <span class='ocrx_word' id='word_1_183' title='bbox 415 2024 707 2065; x_wconf 87' lang='lat' dir='ltr'>Dioscoridem</span> <span class='ocrx_word' id='word_1_184' title='bbox 739 2023 814 2064; x_wconf 88' lang='grc' dir='ltr'><strong>ΙΙΙ.</strong></span> <span class='ocrx_word' id='word_1_185' title='bbox 848 2024 901 2065; x_wconf 72' lang='lat'>45</span> <span class='ocrx_word' id='word_1_186' title='bbox 943 2023 1228 2077; x_wconf 69' lang='lat' dir='ltr'>appellantur,</span> <span class='ocrx_word' id='word_1_187' title='bbox 1280 2022 1389 2062; x_wconf 80' lang='lat' dir='ltr'>nialc</span> <span class='ocrx_word' id='word_1_188' title='bbox 1430 2023 1554 2076; x_wconf 86' lang='lat' dir='ltr'>vulgo</span> <span class='ocrx_word' id='word_1_189' title='bbox 1599 2036 1734 2062; x_wconf 74' lang='lat' dir='ltr'>acces-</span> 
     </span>
     <span class='ocr_line' id='line_1_27' title="bbox 260 2099 1734 2152; baseline -0.002 -10"><span class='ocrx_word' id='word_1_190' title='bbox 260 2106 404 2143; x_wconf 78' lang='lat' dir='ltr'>siones.</span> <span class='ocrx_word' id='word_1_191' title='bbox 462 2102 622 2143; x_wconf 81' lang='lat' dir='ltr'>Ibidem</span> <span class='ocrx_word' id='word_1_192' title='bbox 653 2111 688 2142; x_wconf 80' lang='lat' dir='ltr'>el</span> <span class='ocrx_word' id='word_1_193' title='bbox 716 2105 881 2142; x_wconf 79' lang='lat' dir='ltr'>crudum</span> <span class='ocrx_word' id='word_1_194' title='bbox 922 2106 962 2141; x_wconf 85' lang='lat' dir='ltr'>et</span> <span class='ocrx_word' id='word_1_195' title='bbox 993 2104 1050 2141; x_wconf 79' lang='lat' dir='ltr'>ad</span> <span class='ocrx_word' id='word_1_196' title='bbox 1086 2103 1288 2141; x_wconf 76' lang='lat' dir='ltr'>cerebrum</span> <span class='ocrx_word' id='word_1_197' title='bbox 1327 2114 1348 2140; x_wconf 88' lang='lat' dir='ltr'>e</span> <span class='ocrx_word' id='word_1_198' title='bbox 1380 2099 1500 2141; x_wconf 83' lang='lat' dir='ltr'>codd.</span> <span class='ocrx_word' id='word_1_199' title='bbox 1534 2100 1734 2152; x_wconf 86' lang='lat' dir='ltr'>recipien-</span> 
     </span>
     <span class='ocr_line' id='line_1_28' title="bbox 261 2164 1733 2234; baseline -0.003 -12"><span class='ocrx_word' id='word_1_200' title='bbox 261 2182 359 2222; x_wconf 90' lang='lat' dir='ltr'>dum</span> <span class='ocrx_word' id='word_1_201' title='bbox 391 2186 494 2222; x_wconf 83' lang='lat' dir='ltr'>erat.</span> <span class='ocrx_word' id='word_1_202' title='bbox 554 2181 590 2234; x_wconf 70' lang='grc' dir='ltr'>ξ</span> <span class='ocrx_word' id='word_1_203' title='bbox 628 2181 771 2222; x_wconf 73' lang='grc'><strong>148111</strong></span> <span class='ocrx_word' id='word_1_204' title='bbox 821 2164 1017 2234; x_wconf 81' lang='lat' dir='ltr'>corrupta</span> <span class='ocrx_word' id='word_1_205' title='bbox 1055 2178 1177 2224; x_wconf 84' lang='lat' dir='ltr'>codd,</span> <span class='ocrx_word' id='word_1_206' title='bbox 1223 2178 1430 2231; x_wconf 80' lang='lat' dir='ltr'>scriptura</span> <span class='ocrx_word' id='word_1_207' title='bbox 1477 2181 1620 2229; x_wconf 77' lang='lat' dir='ltr'>impetu</span> <span class='ocrx_word' id='word_1_208' title='bbox 1669 2177 1733 2217; x_wconf 89' lang='lat' dir='ltr'>vel</span> 
     </span>
     <span class='ocr_line' id='line_1_29' title="bbox 259 2254 1732 2313; baseline -0.005 -10"><span class='ocrx_word' id='word_1_209' title='bbox 259 2265 439 2313; x_wconf 76' lang='lat' dir='ltr'>impetum</span> <span class='ocrx_word' id='word_1_210' title='bbox 469 2264 656 2300; x_wconf 73' lang='lat' dir='ltr'>sirolione</span> <span class='ocrx_word' id='word_1_211' title='bbox 687 2259 751 2298; x_wconf 80' lang='lat' dir='ltr'>vel</span> <span class='ocrx_word' id='word_1_212' title='bbox 782 2262 1026 2298; x_wconf 77' lang='lat' dir='ltr'>siriationt’tn</span> <span class='ocrx_word' id='word_1_213' title='bbox 1057 2257 1209 2298; x_wconf 81' lang='lat' dir='ltr'>medici</span> <span class='ocrx_word' id='word_1_214' title='bbox 1251 2269 1403 2296; x_wconf 84' lang='lat' dir='ltr'>nomeu</span> <span class='ocrx_word' id='word_1_215' title='bbox 1435 2255 1566 2295; x_wconf 82' lang='lat' dir='ltr'>latere</span> <span class='ocrx_word' id='word_1_216' title='bbox 1598 2254 1732 2296; x_wconf 84' lang='lat' dir='ltr'>Hard.</span> 
     </span>
     <span class='ocr_line' id='line_1_30' title="bbox 260 2333 1732 2393; baseline -0.005 -13"><span class='ocrx_word' id='word_1_217' title='bbox 260 2338 488 2391; x_wconf 77' lang='lat' dir='ltr'>intellexit,</span> <span class='ocrx_word' id='word_1_218' title='bbox 533 2337 600 2393; x_wconf 90' lang='lat' dir='ltr'>qui</span> <span class='ocrx_word' id='word_1_219' title='bbox 633 2337 684 2377; x_wconf 87' lang='lat' dir='ltr'>dc</span> <span class='ocrx_word' id='word_1_220' title='bbox 715 2336 946 2390; x_wconf 79' lang='lat' dir='ltr'>Serapione</span> <span class='ocrx_word' id='word_1_221' title='bbox 979 2335 1191 2389; x_wconf 80' lang='lat' dir='ltr'>cogitavit,</span> <span class='ocrx_word' id='word_1_222' title='bbox 1225 2335 1311 2374; x_wconf 87' lang='lat' dir='ltr'>Sill.</span> <span class='ocrx_word' id='word_1_223' title='bbox 1346 2333 1497 2374; x_wconf 80' lang='lat' dir='ltr'>Dalion</span> <span class='ocrx_word' id='word_1_224' title='bbox 1530 2333 1732 2385; x_wconf 79' lang='lat' dir='ltr'>coniecit3</span> 
     </span>
     <span class='ocr_line' id='line_1_31' title="bbox 258 2411 1730 2464; baseline -0.004 -7"><span class='ocrx_word' id='word_1_225' title='bbox 258 2417 438 2457; x_wconf 79' lang='lat' dir='ltr'>fortasse</span> <span class='ocrx_word' id='word_1_226' title='bbox 471 2415 714 2457; x_wconf 78' lang='lat' dir='ltr'>Erasistrati</span> <span class='ocrx_word' id='word_1_227' title='bbox 755 2427 909 2454; x_wconf 86' lang='lat' dir='ltr'>nomen</span> <span class='ocrx_word' id='word_1_228' title='bbox 958 2412 1262 2453; x_wconf 78' lang='lat' dir='ltr'>restituendum</span> <span class='ocrx_word' id='word_1_229' title='bbox 1296 2416 1372 2452; x_wconf 77' lang='lat' dir='ltr'>est.</span> <span class='ocrx_word' id='word_1_230' title='bbox 1432 2412 1465 2464; x_wconf 64' lang='grc' dir='ltr'>ξ</span> <span class='ocrx_word' id='word_1_231' title='bbox 1506 2413 1581 2454; x_wconf 69' lang='lat'>149</span> <span class='ocrx_word' id='word_1_232' title='bbox 1609 2411 1730 2452; x_wconf 89' lang='lat' dir='ltr'>codd.</span> 
     </span>
     <span class='ocr_line' id='line_1_32' title="bbox 259 2489 1730 2545; baseline -0.004 -10"><span class='ocrx_word' id='word_1_233' title='bbox 259 2495 416 2535; x_wconf 82' lang='lat' dir='ltr'>habent</span> <span class='ocrx_word' id='word_1_234' title='bbox 447 2502 483 2534; x_wconf 80' lang='lat' dir='ltr'>el</span> <span class='ocrx_word' id='word_1_235' title='bbox 512 2498 702 2535; x_wconf 76' lang='lat' dir='ltr'>convulsa</span> <span class='ocrx_word' id='word_1_236' title='bbox 723 2496 809 2533; x_wconf 77' lang='lat' dir='ltr'>eins</span> <span class='ocrx_word' id='word_1_237' title='bbox 829 2497 934 2533; x_wconf 80' lang='lat' dir='ltr'>inlus</span> <span class='ocrx_word' id='word_1_238' title='bbox 950 2505 1024 2542; x_wconf 75' lang='lat' dir='ltr'>per</span> <span class='ocrx_word' id='word_1_239' title='bbox 1052 2505 1106 2543; x_wconf 83' lang='lat' dir='ltr'>se,</span> <span class='ocrx_word' id='word_1_240' title='bbox 1137 2503 1245 2545; x_wconf 79' lang='lat' dir='ltr'>quae</span> <span class='ocrx_word' id='word_1_241' title='bbox 1276 2490 1365 2530; x_wconf 80' lang='lat' dir='ltr'>Ian.</span> <span class='ocrx_word' id='word_1_242' title='bbox 1399 2493 1522 2530; x_wconf 82' lang='lat' dir='ltr'>acute</span> <span class='ocrx_word' id='word_1_243' title='bbox 1552 2489 1730 2529; x_wconf 80' lang='lat' dir='ltr'>mutavit</span> 
     </span>
     <span class='ocr_line' id='line_1_33' title="bbox 257 2566 1728 2623; baseline -0.005 -10"><span class='ocrx_word' id='word_1_244' title='bbox 257 2573 297 2613; x_wconf 91' lang='lat' dir='ltr'>in</span> <span class='ocrx_word' id='word_1_245' title='bbox 329 2577 542 2613; x_wconf 75' lang='lat' dir='ltr'>convulsae</span> <span class='ocrx_word' id='word_1_246' title='bbox 570 2575 643 2612; x_wconf 85' lang='lat' dir='ltr'>ius.</span> <span class='ocrx_word' id='word_1_247' title='bbox 684 2570 842 2611; x_wconf 87' lang='lat' dir='ltr'>Verum</span> <span class='ocrx_word' id='word_1_248' title='bbox 872 2583 993 2610; x_wconf 76' lang='lat' dir='ltr'>sucus</span> <span class='ocrx_word' id='word_1_249' title='bbox 1022 2568 1134 2623; x_wconf 85' lang='lat' dir='ltr'>quod</span> <span class='ocrx_word' id='word_1_250' title='bbox 1166 2568 1294 2608; x_wconf 82' lang='lat' dir='ltr'>totius</span> <span class='ocrx_word' id='word_1_251' title='bbox 1326 2567 1530 2607; x_wconf 84' lang='lat' dir='ltr'>enuntiati</span> <span class='ocrx_word' id='word_1_252' title='bbox 1563 2566 1728 2606; x_wconf 86' lang='lat' dir='ltr'>subiec-</span> 
     </span>
     <span class='ocr_line' id='line_1_34' title="bbox 256 2644 1726 2703; baseline -0.005 -12"><span class='ocrx_word' id='word_1_253' title='bbox 256 2655 344 2690; x_wconf 81' lang='lat' dir='ltr'>tum</span> <span class='ocrx_word' id='word_1_254' title='bbox 368 2656 444 2702; x_wconf 83' lang='lat' dir='ltr'>est,</span> <span class='ocrx_word' id='word_1_255' title='bbox 477 2650 588 2690; x_wconf 88' lang='lat' dir='ltr'>idem</span> <span class='ocrx_word' id='word_1_256' title='bbox 609 2654 674 2689; x_wconf 82' lang='lat' dir='ltr'>cst</span> <span class='ocrx_word' id='word_1_257' title='bbox 697 2648 808 2703; x_wconf 91' lang='lat' dir='ltr'>quod</span> <span class='ocrx_word' id='word_1_258' title='bbox 830 2652 908 2700; x_wconf 82' lang='lat' dir='ltr'>ins3</span> <span class='ocrx_word' id='word_1_259' title='bbox 943 2652 1028 2687; x_wconf 76' lang='lat' dir='ltr'>tum</span> <span class='ocrx_word' id='word_1_260' title='bbox 1052 2660 1134 2686; x_wconf 87' lang='grc'><strong>11011</strong></span> <span class='ocrx_word' id='word_1_261' title='bbox 1167 2646 1218 2686; x_wconf 83' lang='lat' dir='ltr'>dc</span> <span class='ocrx_word' id='word_1_262' title='bbox 1249 2646 1393 2699; x_wconf 86' lang='lat' dir='ltr'>lingua</span> <span class='ocrx_word' id='word_1_263' title='bbox 1411 2644 1625 2696; x_wconf 82' lang='lat' dir='ltr'>convulsa,</span> <span class='ocrx_word' id='word_1_264' title='bbox 1653 2645 1726 2684; x_wconf 82' lang='lat' dir='ltr'>sed</span> 
     </span>
     <span class='ocr_line' id='line_1_35' title="bbox 257 2721 1726 2781; baseline -0.003 -13"><span class='ocrx_word' id='word_1_265' title='bbox 257 2728 309 2768; x_wconf 91' lang='lat' dir='ltr'>de</span> <span class='ocrx_word' id='word_1_266' title='bbox 337 2728 548 2768; x_wconf 83' lang='lat' dir='ltr'>convulsis</span> <span class='ocrx_word' id='word_1_267' title='bbox 580 2727 761 2781; x_wconf 84' lang='lat' dir='ltr'>loquitur</span> <span class='ocrx_word' id='word_1_268' title='bbox 793 2727 967 2767; x_wconf 81' lang='lat' dir='ltr'>Plinius.</span> <span class='ocrx_word' id='word_1_269' title='bbox 1002 2726 1149 2781; x_wconf 79' lang='lat' dir='ltr'>ltaque</span> <span class='ocrx_word' id='word_1_270' title='bbox 1181 2724 1322 2764; x_wconf 85' lang='lat' dir='ltr'>dativo</span> <span class='ocrx_word' id='word_1_271' title='bbox 1345 2736 1442 2763; x_wconf 81' lang='lat' dir='ltr'>casu</span> <span class='ocrx_word' id='word_1_272' title='bbox 1479 2721 1553 2775; x_wconf 76' lang='lat' dir='ltr'>(cf.</span> <span class='ocrx_word' id='word_1_273' title='bbox 1572 2724 1606 2773; x_wconf 63' lang='grc' dir='ltr'>ξ.</span> <span class='ocrx_word' id='word_1_274' title='bbox 1626 2723 1726 2772; x_wconf 68' lang='grc'><strong>168)</strong></span> 
     </span>
     <span class='ocr_line' id='line_1_36' title="bbox 256 2802 1729 2859; baseline -0.005 -12"><span class='ocrx_word' id='word_1_275' title='bbox 256 2806 464 2847; x_wconf 80' lang='lat' dir='ltr'>scribatur</span> <span class='ocrx_word' id='word_1_276' title='bbox 493 2810 677 2859; x_wconf 85' lang='lat' dir='ltr'>oportet:</span> <span class='ocrx_word' id='word_1_277' title='bbox 709 2812 745 2843; x_wconf 83' lang='lat' dir='ltr'>et</span> <span class='ocrx_word' id='word_1_278' title='bbox 774 2808 969 2845; x_wconf 77' lang='lat' dir='ltr'>convulsis</span> <span class='ocrx_word' id='word_1_279' title='bbox 1002 2808 1106 2844; x_wconf 74' lang='lat' dir='ltr'>intus</span> <span class='ocrx_word' id='word_1_280' title='bbox 1131 2815 1273 2853; x_wconf 82' lang='lat' dir='ltr'>perse.</span> <span class='ocrx_word' id='word_1_281' title='bbox 1307 2802 1341 2853; x_wconf 58' lang='grc' dir='ltr'>ὅ,</span> <span class='ocrx_word' id='word_1_282' title='bbox 1370 2802 1443 2842; x_wconf 68' lang='grc'>158</span> <span class='ocrx_word' id='word_1_283' title='bbox 1468 2804 1601 2850; x_wconf 73' lang='lat' dir='ltr'>qualia</span> <span class='ocrx_word' id='word_1_284' title='bbox 1620 2812 1729 2854; x_wconf 86' lang='lat' dir='ltr'>quae</span> 
     </span>
    </p>
   </div>
  </div>
 </body>
</html>
