1914 3237
755 179 887 222 Liber
917 181 964 222 V
959 181 992 222 I
991 211 1001 221 .
1559 183 1615 224 93

138 302 374 345 scandente
422 303 602 358 egregie
644 303 964 344 animadvertit.
1052 303 1128 345 Sic
1169 304 1219 345 ΙΙ.
1257 303 1351 347 213.
1398 303 1615 346 scandant

138 395 219 437 pro
260 383 421 424 cadant
461 380 528 422 R1
566 379 756 422 exhibet.
839 382 983 429 Quum
1021 394 1129 422 vero
1175 382 1264 425 hoc
1313 384 1443 425 modo
1482 384 1614 425 scribi

139 460 293 503 vellet:
335 457 534 499 accolunt
561 457 730 498 Indum
761 457 991 499 adversum
1019 458 1298 514 scandentes,
1340 462 1398 502 ita
1429 469 1476 503 ut
1505 476 1615 504 voce

139 536 589 591 „demonstratione“
642 535 852 592 populum
901 537 1120 591 quendam
1164 538 1360 593 ignotum
1401 541 1614 582 contineri

139 618 449 665 arbitraretur,
497 627 607 656 vera
655 614 782 656 falsis
829 615 1013 657 miscuit.
1097 615 1284 658 Tantum
1329 617 1442 658 enim
1488 619 1616 660 abest

137 704 184 738 ut
214 709 293 751 pro
324 700 534 748 corrupta
570 693 764 735 ultimam
803 708 958 735 vocem
997 694 1249 737 habendam
1290 709 1392 738 esse
1431 709 1615 738 censea—

138 788 256 825 mus,
294 780 341 815 ut
378 772 481 814 huic
519 773 645 828 quasi
684 772 971 814 fundamento
1009 773 1053 813 in
1085 774 1360 816 emendando
1408 775 1616 817 insistere

139 860 358 909 oporteat.
406 851 558 893 Verbo
579 853 693 893 enim
719 851 1091 902 „demonstrare“
1119 853 1163 893 in
1196 853 1281 894 situ
1309 853 1508 895 locorum
1542 867 1616 896 ex-

139 932 348 987 ponendo
379 929 496 971 velut
526 931 708 985 proprio
740 931 874 972 utitur
903 930 1080 971 Plinius.
1140 932 1204 972 lta
1222 931 1295 973 IV.
1315 931 1379 973 13.
1400 932 1616 975 habemus

141 1012 483 1053 demonstratum
514 1010 601 1049 iam
628 1008 807 1060 Rhium,
837 1009 897 1049 ita
928 1018 1080 1050 nostro
1111 1008 1221 1051 libro
1254 1011 1368 1067 §.GL
1399 1012 1617 1054 invenitur

142 1095 315 1130 tem-ena
336 1087 655 1129 demonstratio.
702 1088 904 1135 Quanam
932 1089 1063 1143 igitur
1092 1103 1208 1130 nunc
1239 1090 1616 1132 demonstratione

140 1175 285 1210 utatur
317 1165 506 1215 Plinius,
547 1178 603 1206 ex
632 1165 685 1206 iis
714 1179 827 1220 quae
857 1167 986 1208 modo
1021 1167 1138 1208 dicta
1168 1175 1270 1209 sunt
1300 1169 1448 1224 liquet.
1508 1169 1618 1211 Per-

138 1253 323 1289 venerat
353 1257 493 1299 usque
517 1244 573 1284 ad
593 1243 801 1285 Olostras
832 1245 903 1299 qui
937 1245 1133 1286 Patalam
1162 1246 1347 1288 insulam
1379 1248 1487 1288 mari
1516 1249 1618 1290 vici-

141 1341 240 1369 nam
281 1324 567 1379 attingebant.
650 1323 739 1363 lam
774 1323 905 1378 igitur
946 1337 972 1364 a
1009 1325 1118 1366 mari
1152 1340 1292 1381 usque
1332 1328 1387 1368 ad
1425 1324 1616 1370 Caucasi

140 1406 317 1448 radices
355 1401 526 1459 (§.78)
567 1402 640 1458 qui
679 1402 819 1456 potuit
861 1405 1091 1457 pervenire
1142 1405 1489 1448 demonstrando
1534 1408 1616 1449 nisi

140 1493 188 1526 ut
217 1485 454 1525 adversum
485 1493 655 1522 amnem
679 1480 879 1536 legeret?
917 1483 1042 1525 Haec
1075 1494 1143 1525 est
1173 1499 1303 1540 quam
1329 1487 1615 1528 scandentem

142 1561 560 1603 demonstrationem
592 1568 740 1614 vocat,
770 1561 885 1602 sicut
916 1576 1016 1603 mox
1038 1563 1157 1619 §.73
1189 1579 1240 1606 se
1270 1579 1367 1606 eum
1387 1566 1492 1606 Indo
1523 1581 1615 1608 rur-

142 1655 220 1684 sus
261 1641 502 1681 decurrere
542 1639 684 1680 tradit.
758 1640 847 1681 lam
882 1655 990 1683 vero
1028 1649 1150 1683 recte
1182 1644 1354 1698 quidem
1392 1645 1617 1687 diceretur

143 1720 411 1772 „adversum
445 1718 687 1759 scandente
721 1718 1147 1765 ‹lemonst1·atione³‘.
1216 1722 1328 1763 Nam
1360 1732 1403 1765 et
1434 1725 1617 1766 verbum

143 1799 366 1841 scandere
396 1798 436 1837 in
469 1811 516 1838 re
548 1796 672 1837 simili
701 1810 842 1852 aeque
874 1799 1192 1841 intransitivum
1225 1802 1463 1844 admittitur
1493 1804 1531 1860 ξ.
1550 1803 1617 1854 ⁶24,

142 1880 215 1921 ubi
247 1876 533 1931 Cappadocia
565 1889 758 1929 „magno
793 1876 957 1930 impetu
985 1879 1040 1919 ad
1070 1879 1203 1922 Tauri
1234 1882 1336 1936 iuga
1366 1883 1618 1924 scandere“

143 1957 342 2006 traditur,
374 1963 416 1996 et
445 1956 761 2006 „adversum“
793 1971 872 2010 pro
901 1958 974 2010 „in
999 1959 1269 2001 adversum‘2
1295 1961 1359 2001 ire
1386 1960 1619 2004 adhibetur

148 2035 343 2076 V111.9·2.
412 2034 579 2076 Verum
615 2034 754 2076 satius
794 2035 875 2076 erit
907 2036 1154 2079 litterarum
1191 2053 1304 2094 quae
1343 2042 1384 2082 in
1418 2043 1618 2085 omnibus

142 2115 266 2157 libris
292 2114 400 2156 Mss.
422 2114 701 2168 reperiuntur
733 2114 895 2156 nullam
921 2116 1160 2171 negligere.
1202 2118 1449 2162 Remanent
1474 2129 1619 2164 autem

143 2195 228 2236 hae
267 2208 335 2244 eo,
376 2207 488 2249 quas
526 2206 625 2233 cum
665 2191 846 2247 reliquis
886 2193 958 2235 tali
995 2194 1091 2237 fere
1129 2198 1259 2240 modo
1297 2199 1339 2240 in
1372 2200 1618 2257 archetypo

145 2272 336 2326 scriptas
357 2270 495 2312 fuisse
515 2271 724 2312 coniicio:
753 2286 930 2313 anvnnsv
950 2289 1002 2314 Εο
1025 2290 1243 2320 scansus.
1281 2278 1452 2325 Quodsi
1474 2289 1620 2322 autem

147 2350 289 2390 animo
320 2351 613 2403 reputaveris,
644 2359 808 2405 quanta
838 2353 893 2393 sit
918 2355 1270 2397 terminationum
1302 2358 1344 2398 in
1376 2373 1449 2398 nm
1479 2360 1619 2400 varie-

149 2436 232 2482 taS,
265 2435 309 2469 et
331 2442 459 2483 quam
480 2442 617 2483 saepe
645 2443 743 2470 cum
774 2444 840 2470 om
864 2436 1189 2485 permutentur,
1212 2436 1351 2490 primo
1374 2438 1541 2489 obtutu,
1574 2445 1621 2479 ut

149 2520 299 2561 spero,
328 2505 547 2559 intelliges
579 2506 719 2548 latere
750 2511 1052 2552 accusativum
1082 2515 1369 2568 pronominiS,
1402 2519 1518 2559 unde
1536 2519 1620 2562 iam

150 2593 273 2627 certo
314 2585 533 2639 colligitur
568 2586 628 2626 ita
666 2585 848 2629 Plinium
886 2591 1149 2645 scripsisse:
1198 2594 1398 2636 accolunt
1434 2597 1618 2650 Indum,

151 2664 442 2706 adversum
471 2679 580 2704 enm
610 2665 914 2709 scandente
943 2669 1308 2713 demonstratione
1348 2675 1424 2717 rel.

261 2743 435 2784 Adiecit
454 2750 600 2785 autem
619 2757 862 2798 pronomen
887 2746 999 2789 alias
1020 2763 1106 2790 non
1128 2754 1448 2805 necessarium,
1470 2769 1525 2797 ne
1546 2770 1618 2797 vo-

152 2821 1618 2889 ces„1ndum“et‚,adversum“malealegentibusconiungerentur.
