1914 3237
291 199 344 240 44
668 221 672 224 -
874 200 991 260 Liber
1031 201 1171 242 XVII.

291 327 464 381 planare
495 326 712 370 studuerit.
744 327 930 369 Tertium
963 327 1151 369 radicum
1169 328 1361 369 morbum
1379 328 1443 369 his
1462 329 1600 370 verbis
1615 329 1755 371 Theo-

291 404 486 458 phrastus
529 404 665 446 addit:
726 411 849 448 νοσεῖ
880 407 928 448 δὲ
968 410 1073 461 συκῆ
1104 410 1177 448 καὶ
1206 404 1286 449 ἐὰν
1316 404 1535 462 ἕπομβρία
1565 410 1753 462 γένηται·

288 479 342 522 τά
373 497 420 523 τε
436 482 519 538 γὰρ
550 483 659 538 πρὸς
690 483 766 538 τὴν
791 481 914 539 ῥίζαν
937 487 1010 526 καὶ
1042 483 1177 539 αὐτὴν
1205 489 1282 540 τῆν
1306 483 1432 539 ῥίζαν
1449 484 1600 540 ὥσπερ
1619 485 1756 542 μαδᾴ.

289 559 408 606 Quae
439 559 628 600 codicum
661 561 867 615 scriptura
910 566 991 601 sive
1020 566 1192 616 recepta
1233 567 1427 604 accurate
1459 576 1483 603 a
1513 561 1649 602 Plinio
1682 575 1753 603 ex-

289 637 535 693 primuntur.
594 637 746 678 Totum
777 638 904 693 igitur
928 639 1066 679 locum
1099 639 1159 680 sie
1189 639 1371 694 refingo:

345 719 510 757 Scabies
538 719 715 765 yiqm‘lur
760 719 919 756 roribus
950 720 1059 756 lentis
1093 724 1184 768 post
1222 720 1431 767 verqilias;
1475 731 1564 757 nam
1601 722 1636 758 si
1680 722 1755 758 lar-

269 835 277 842 *
343 798 474 844 yiores
501 795 637 846 fuere,
682 794 932 844 perfundunt
962 797 1164 847 arborem,
1209 807 1287 834 non
1316 799 1499 846 scalpunt
1529 798 1688 845 [scabie]
1722 803 1758 836 ec

342 876 474 923 qrosse'
516 873 678 911 cadunt.
739 873 831 911 Sive
872 875 1014 912 imbres
1041 864 1168 913 ¹nimie·
1192 874 1336 925 fuere,
1382 876 1460 913 alio
1504 876 1623 913 modo
1659 877 1757 921 ficus

343 953 500 991 laborat
527 951 736 989 radicibus
767 952 950 990 madidis.
985 975 1032 982 -—-

399 1051 434 1104 ἓ.
466 1050 560 1093 227.
618 1049 747 1090 Ianus
779 1049 1034 1103 emendavit,
1066 1050 1102 1104 ξ.
1124 1050 1206 1093 22³9
1229 1051 1358 1091 verba
1387 1051 1447 1091 ita
1477 1054 1755 1106 transponan-

289 1134 356 1170 tur
384 1132 567 1184 oportet:
599 1131 843 1179 eroduntque
868 1131 1067 1180 frondem,
1098 1132 1205 1169 aliae
1224 1132 1364 1179 florem
1380 1141 1536 1178 qnoque
1551 1133 1756 1181 olivarum,

290 1207 342 1248 ef.
374 1205 585 1260 Theophr.
614 1205 641 1247 l.
671 1206 698 1247 1.
728 1205 765 1249 9.

180 1350 251 1393 331
848 1334 1012 1381 231:
1026 1333 1185 1388 2437.

355 1430 479 1481 Sunt
528 1435 574 1479 et
629 1429 835 1480 culicum
882 1445 1068 1495 genera
1119 1429 1293 1494 aliquis
1338 1429 1545 1479 molesta
1596 1459 1659 1466 —
1696 1461 1754 1466 —-

354 1520 433 1584 qui
470 1518 700 1568 videntur
745 1534 804 1568 ex
842 1533 1010 1568 umore
1047 1518 1210 1578 nasei7
1255 1523 1354 1567 turn
1394 1516 1523 1567 dulei
1559 1519 1755 1569 subdito

356 1606 632 1656 corticibus

398 1709 522 1750 Viam
554 1723 637 1765 qua
675 1709 856 1750 molesta
896 1713 938 1750 et
986 1708 1123 1749 otiosa
1152 1707 1223 1749 illa
1251 1721 1335 1750 vox
1379 1716 1456 1750 tum
1495 1708 1755 1762 emendetur,

289 1787 607 1843 Theophrastus
637 1787 711 1828 IV.
743 1788 807 1830 14.
845 1787 891 1829 10
921 1786 1191 1828 monstrabit:
1237 1789 1309 1828 καὶ
1345 1780 1556 1829 δοκοῦσιν
1600 1784 1648 1829 ἐκ
1684 1792 1756 1842 τῆς

290 1864 522 1922 ὑγρότητος
553 1869 858 1908 συνίστασθαι
886 1870 959 1920 τῆς
1000 1862 1087 1906 ὑπὸ
1118 1864 1196 1906 τὸν
1226 1864 1386 1918 φλοιὸν
1426 1868 1754 1920 συνισταμένης·

291 1942 398 1998 αὕτη
430 1943 479 1985 δέ
518 1941 613 1985 ἐστι
642 1944 819 1995 γλυκεῖα
850 1945 1114 1996 γευομένοις.
1154 1942 1425 1984 Manifestum
1464 1947 1529 1984 est
1569 1944 1678 1984 enim
1712 1943 1753 1984 in

291 2021 435 2063 codiee
467 2020 693 2076 archetypo
739 2034 897 2076 paucas
936 2020 1142 2061 litterulas
1182 2019 1415 2073 excidisse,
1461 2021 1613 2076 quibus
1658 2034 1755 2076 sup·

291 2099 414 2154 pletis
445 2099 658 2154 legemus:

537 2201 590 2206 —
619 2190 670 2217 ex
700 2189 836 2217 umore
865 2181 980 2218 nasce·
1010 2179 1074 2215 acl<
1092 2183 1248 2227 qustum
1279 2179 1383 2217 dulci

294 2255 492 2297 Ceterum
521 2239 604 2323 111Ῐό
658 2267 824 2310 quoque
857 2253 1123 2309 intelligitur,
1160 2257 1317 2309 quanto
1361 2253 1496 2295 codex
1533 2267 1558 2293 a
1585 2252 1756 2308 reliquis

291 2338 496 2388 praestet:
527 2334 596 2374 ille
628 2333 737 2374 enim
770 2341 861 2385 tum,
893 2331 983 2373 eod.
1009 2331 1034 2372 d
1067 2340 1157 2372 tunc
1189 2331 1376 2387 praebet.

848 2468 1017 2515 232:
1041 2468 1198 2523 2437.

357 2562 437 2612 hie
472 2563 597 2611 enirn
641 2560 948 2626 (Olympias)
991 2560 1031 2609 si
1067 2559 1199 2609 flavit
1235 2559 1363 2609 eirea
1399 2559 1636 2615 brumam,
1676 2557 1755 2606 fri-

357 2667 477 2715 gore
529 2651 686 2700 exurit
738 2649 1009 2698 arefaciens
1062 2652 1111 2696 ut
1154 2646 1298 2696 nullis
1342 2650 1515 2710 postea
1567 2644 1754 2695 solibus

182 2517 259 2560 331.

361 2740 567 2789 recreari
606 2738 807 2802 possint.

402 2827 608 2882 Theophr.
641 2827 665 2866 l.
698 2827 723 2866 Ι.
755 2826 791 2878 ξ.
823 2825 864 2865 11
902 2821 1092 2865 ἅποκάει
1120 2822 1203 2878 γὰρ
1233 2820 1287 2862 τὰ
1319 2820 1482 2876 δένδρα
1513 2821 1587 2860 καὶ
1617 2817 1754 2867 οὕτως
