1914 3237
737 189 855 229 Liber
883 188 1004 229 XXI.
1521 182 1601 227 107

720 355 780 401 62
799 374 858 393 =
881 352 1035 408 1136.
1633 374 1714 417 45ss

208 440 569 504 (Nyctegreton
623 469 650 472 Δ,
704 438 1031 497 Democritus)
1072 438 1379 503 praecipuam
1426 437 1472 485 in
1511 434 1605 485 Ge-

205 528 368 577 drosia
404 531 575 585 narrat,
616 527 718 576 erui
756 532 866 591 post
902 525 1279 589 aequinoctium.

246 615 419 656 Plenius
450 616 576 656 etiam
608 615 868 670 interpunxit
898 616 1046 667 Ianus,
1077 617 1233 668 puncto
1268 617 1366 667 post
1394 627 1434 654 v.
1465 619 1607 653 narrat

138 695 289 749 posito.
348 695 405 734 At
434 694 593 735 Plinius
624 693 825 735 continua
855 693 1046 734 oratione
1077 690 1260 733 dixerat:

188 788 228 825 ρ.
250 776 286 824 j.
319 776 360 813 G.
393 780 536 812 narrat
567 776 654 812 erui
679 786 721 822 p.
754 786 792 811 α.

537 863 845 920 6421138.
889 860 978 920 (de
1012 857 1206 917 VlOllS),
1401 915 1404 917 ι
1635 880 1719 925 457

206 952 423 1017 proxime
461 950 732 999 flammeum
771 949 903 1014 quod
936 947 1089 1013 phlox
1125 951 1342 1005 vocatur,
1381 943 1607 995 silvestre

206 1041 468 1088 dumtaxat.

245 1131 332 1177 stoa·
360 1140 426 1166 sos
456 1126 493 1166 R
525 1125 688 1179 (Omitt.
720 1124 843 1179 Vd).
902 1124 1016 1165 Loco
1047 1122 1229 1164 XXVII.
1261 1122 1314 1164 44
1363 1122 1453 1174 ‚flos
1484 1133 1609 1176 quem

138 1205 250 1247 lovis
268 1205 480 1245 flammam
504 1203 824 1258 appellavimus‘
857 1205 873 1247 (
883 1202 942 1243 sic
972 1205 1087 1243 recte
1104 1201 1230 1256 vulgo
1262 1199 1434 1254 legitur)
1457 1198 1609 1240 collato

139 1282 408 1325 scribendum
441 1286 526 1323 est:
573 1284 704 1333 phlox
737 1283 841 1321 Dios.

679 1375 739 1420 65
776 1389 820 1407 -τ
855 1369 1052 1419 ibidem,
1640 1405 1722 1449 453

205 1479 229 1510 e
269 1461 444 1510 ceteris
481 1459 775 1524 hyacinthus
830 1458 1037 1506 maxime
1075 1457 1215 1505 durat
1252 1460 1298 1505 et
1337 1455 1465 1504 viola
1501 1454 1610 1504 alba

206 1555 253 1599 et
290 1548 547 1606 oenanthe,
586 1547 674 1596 sed
712 1547 834 1595 haec
875 1546 939 1593 ita
967 1545 1007 1593 si
1045 1544 1252 1594 devulsa
1291 1543 1462 1593 crebro
1503 1558 1612 1607 pro-

206 1637 429 1686 hibeatur
464 1637 509 1684 in
549 1635 840 1693 seminibus3
888 1633 1159 1682 renascitur
1194 1631 1317 1681 locis
1353 1631 1546 1696 tepidis.

251 1725 314 1766 Ita
345 1724 432 1765 Sill.
463 1725 587 1764 Ianus
618 1727 715 1777 post
743 1737 779 1763 v.
811 1725 978 1773 semine,
1027 1719 1139 1776 quod
1171 1733 1193 1760 e
1224 1719 1344 1761 codd.
1374 1719 1413 1759 V
1440 1718 1465 1759 d
1496 1731 1612 1759 rece-

143 1804 214 1858 pit,
246 1803 402 1844 leviore
437 1803 556 1857 signo
589 1801 781 1856 apposito
811 1804 913 1840 haec
943 1813 1038 1853 cum
1068 1813 1104 1841 v.
1135 1802 1362 1839 renascitur
1381 1796 1613 1838 coniunxit.

145 1883 207 1922 De
238 1880 450 1922 oenanthe
482 1879 801 1935 Theophrastus
830 1878 890 1919 ita
914 1878 1080 1919 locutus
1112 1881 1194 1918 est:
1227 1874 1433 1924 ὡσαύτως
1463 1875 1512 1916 δὲ
1541 1877 1615 1916 καὶ

145 1958 164 2013 ἦ
207 1957 393 2013 οἰνάνθη
426 1982 473 1986 —
508 1953 587 1999 ἐάν
616 1973 678 2005 τις
719 1955 932 2014 ἅποκνίζῃ
971 1959 1044 1997 καὶ
1075 1953 1244 2013 ἀφαιρῇ
1283 1955 1331 1997 τὸ
1364 1953 1504 2001 ἄνθος
1540 1954 1615 1993 καὶ

141 2036 196 2091 μὴ
223 2033 275 2093 ἐᾷ
308 2038 680 2092 σπερματοῢσθαι
724 2038 798 2076 καὶ
828 2032 890 2076 ἔτι
920 2033 1061 2075 τόπον
1099 2033 1270 2075 εἰίειλον
1309 2030 1410 2090 ἔχῃ,
1454 2030 1505 2071 de
1546 2012 1611 2070 re-

143 2118 355 2155 nascente·
374 2114 474 2154 flore
504 2113 619 2167 loqui
658 2125 795 2167 neque
826 2112 895 2152 ille
926 2112 1082 2166 potuit,
1128 2111 1325 2166 quoniam
1365 2124 1448 2151 non
1489 2108 1613 2149 durat

141 2192 210 2247 qui
242 2192 491 2243 renascitur,
540 2203 678 2245 neque
703 2191 773 2245 qui
812 2203 907 2229 eum
947 2188 1000 2230 ad
1045 2188 1219 2229 verbum
1269 2187 1357 2229 fere
1404 2187 1613 2243 expressit

142 2270 302 2310 Plinius
336 2269 564 2324 quidquam
605 2267 764 2308 dixisse
802 2266 1015 2322 putandus
1055 2270 1132 2307 est.
1190 2267 1323 2307 Immo
1355 2265 1611 2307 contrarium

142 2347 314 2402 protulit
344 2346 456 2400 quod
488 2360 570 2386 uno
602 2359 736 2400 eoque
767 2345 965 2385 facillimo
1010 2357 1150 2385 errore
1182 2348 1370 2385 correcto
1402 2357 1424 2384 e
1455 2342 1546 2384 cod.
1576 2342 1613 2380 V

140 2424 364 2465 restituere
402 2424 511 2464 licet.
569 2424 617 2464 In
664 2423 895 2478 archetypo
939 2422 1050 2464 enim
1091 2421 1319 2462 infinitivus
1368 2421 1485 2462 verbi
1530 2434 1612 2475 quo

142 2501 351 2543 Graecum
384 2504 752 2557 σπερματοῦσθαι
800 2500 1158 2556 circumscriptum
1192 2504 1302 2552 erat,
1347 2514 1441 2541 cum
1492 2512 1611 2553 prae-

141 2580 352 2635 positione
382 2579 577 2634 proxima
605 2579 665 2619 ita
694 2579 909 2620 coaluerat
938 2583 984 2619 ut
1013 2578 1137 2619 tertia
1160 2578 1397 2633 praesentis
1430 2590 1612 2632 persona

141 2658 355 2699 existeret.
412 2658 524 2698 Nam
554 2657 614 2698 ita
644 2656 759 2698 haud
790 2656 916 2698 dubie
945 2656 1107 2697 Plinius
1141 2656 1329 2710 scripsit:

194 2761 248 2766 —
275 2751 306 2776 s.
337 2739 375 2777 Ιι.
407 2740 429 2777 ἰ.
460 2752 489 2776 s.
525 2738 562 2776 d.
594 2749 615 2776 c
661 2738 926 2787 prohibeatur
969 2738 1009 2775 m
1048 2738 1193 2775 semine
1222 2737 1398 2779 renasci,
1439 2737 1478 2774 in
1514 2736 1612 2774 locis

193 2817 351 2866 tepidis.
