1914 3237
719 131 851 173 Liber
881 131 1024 174 VIII.
1533 131 1614 172 145

203 272 331 303 num
368 255 429 303 id
461 263 554 303 cst
595 255 676 321 —]
715 254 907 302 barbari
936 263 1201 316 venantur3
1247 262 1455 320 occupat
1483 255 1613 303 illico

204 347 372 394 fauces
404 362 569 393 earum
603 360 777 407 angor,
811 359 960 406 quare
986 344 1356 407 pardalianches
1389 345 1439 393 id
1470 362 1613 394 vene-

205 454 318 485 num
355 435 662 499 appellavere
701 433 910 497 quidam.

255 526 400 566 Verba
430 525 555 565 uncis
586 523 760 565 inclusa
787 537 901 578 quae
931 523 1157 564 aBarbari
1181 523 1310 564 codd.
1336 525 1510 574 absunt,
1539 538 1614 566 ne-

137 604 231 645 scio
263 617 316 643 an
341 602 551 643 Gelenius
584 603 751 656 primus
782 615 805 643 c
826 602 956 643 codd.
986 602 1078 642 suis
1099 602 1331 656 receperit.
1371 601 1463 657 Ego
1483 617 1612 657 quum

135 682 280 721 statim
320 695 537 721 venenum
583 679 853 734 appelletur,
905 693 931 719 a
971 679 1150 720 librario
1197 679 1385 734 quodam
1430 681 1613 734 margini

134 759 363 814 adscripta
391 758 647 813 putaverim.

687 836 783 883 125
806 859 851 877 =
877 836 956 896 35,
978 836 1058 883 53.
1639 842 1717 883 182

204 927 470 993 Hystrices
500 934 703 991 generat
738 925 877 973 India
911 933 960 973 et
990 925 1158 974 Africa
1189 926 1328 990 spina
1363 933 1612 975 contectas

204 1035 268 1066 ac
307 1018 643 1065 erinaceorum
680 1032 862 1080 genere
905 1021 985 1062 rel.

249 1118 574 1172 Comparantur
607 1116 831 1171 hystrices
865 1131 963 1157 cum
996 1118 1213 1158 erinaceis
1251 1118 1322 1172 qui
1352 1119 1377 1174 ξ
1412 1118 1504 1159 133.
1536 1120 1612 1160 dc-

135 1199 400 1240 scribuntur.
470 1196 669 1250 Apparet
701 1196 831 1250 igitur
857 1195 1120 1250 particulam
1158 1211 1208 1236 ac
1238 1205 1360 1237 recte
1392 1210 1416 1236 a
1447 1197 1612 1251 Silligio

137 1278 348 1318 damnari.
374 1276 516 1318 Codd.
535 1276 604 1317 Rd
624 1276 790 1317 habent
820 1277 944 1332 spina
968 1282 1162 1316 contecta
1191 1291 1242 1316 ac
1270 1277 1611 1331 virenaceormn,

135 1355 291 1411 reliqui
319 1364 363 1396 ut
390 1355 562 1395 videtur
597 1367 750 1395 omnes
782 1359 1013 1396 contectas.
1074 1354 1129 1394 Et
1158 1355 1486 1396 virenaceorzmz
1517 1358 1612 1412 qui-

138 1436 235 1476 dem
267 1434 373 1475 nihil
404 1442 472 1475 cst
502 1447 629 1488 quam
666 1432 1026 1473 herinaceorum:
1067 1442 1209 1475 restat
1245 1435 1375 1489 igitur
1409 1451 1460 1476 ac
1495 1438 1610 1492 quod

136 1514 266 1556 facile
291 1515 548 1555 emendatur
573 1519 633 1556 ut.
685 1514 796 1553 Nam
820 1513 904 1554 has
934 1513 1176 1566 particulas
1208 1514 1447 1555 simillimas
1478 1516 1611 1557 inter-

137 1595 237 1634 dum
268 1594 309 1634 in
345 1593 472 1634 codd.
502 1593 613 1634 Mss.
644 1591 848 1633 confundi
878 1601 1029 1633 notum
1063 1600 1151 1643 est,
1186 1592 1254 1633 vel
1284 1601 1330 1634 ut
1359 1594 1507 1650 §.136
1540 1596 1608 1636 ed.

134 1673 287 1714 Dalec.
321 1686 371 1711 ac
399 1671 549 1714 habet.
613 1671 948 1725 praepositione
978 1671 1083 1724 „in“
1117 1672 1247 1725 igitur
1282 1686 1337 1713 ex
1369 1681 1612 1728 argenteae

137 1752 296 1793 aetatis
327 1750 502 1791 licentia
535 1749 756 1802 01nissa÷2÷)
790 1749 1031 1802 scripsisse
1061 1749 1234 1790 videtur
1264 1750 1451 1793 Plinius:

366 1828 490 1883 spina
521 1832 736 1868 contectas
765 1832 821 1866 ut
850 1825 1182 1867 herinaceorum
1207 1843 1375 1885 qenere.

687 1915 782 1963 129
803 1940 853 1959 z
876 1916 955 1976 36,
981 1916 1060 1964 54.
1640 1930 1718 1972 183

203 2007 460 2055 Exeuntes
504 2007 681 2070 (ursi)
727 2005 929 2053 herbam
976 2007 1215 2070 quandam
1261 2038 1329 2044 —
1378 2011 1613 2059 devorant

203 2098 430 2161 circaque
468 2097 692 2144 surculos
724 2096 940 2144 dentium
978 2098 1352 2161 praedomantes
1385 2119 1508 2149 ora.

247 2188 416 2229 Locum
451 2193 706 2241 corruptum
740 2195 782 2227 et
813 2187 1005 2227 nondum
1037 2196 1238 2229 sanatum
1271 2203 1373 2232 esse
1399 2199 1521 2233 recte
1550 2193 1613 2234 iu-

139 2267 298 2308 dicavit
340 2266 554 2320 Silligius,
597 2277 798 2319 magnam
840 2264 1135 2318 corruptelam
1175 2266 1323 2309 inesse
1364 2276 1501 2311 ratus.
1561 2270 1614 2310 Er.

141 2345 392 2387 Aristotelis
434 2346 607 2400 quidem
641 2343 784 2385 locum
824 2343 931 2383 Hist.
970 2344 1099 2384 anim.
1126 2345 1204 2388 IX.
1232 2345 1270 2388 6.
1310 2345 1384 2388 καὶ
1419 2347 1470 2389 τά
1506 2348 1613 2401 ,ξύλα

140 2425 432 2479 διαιιιασῶνται
464 2420 601 2478 ὥσπερ
632 2422 970 2476 ὀδοντοφυσῦσαι
1012 2424 1050 2464 Si
1088 2425 1144 2464 ad
1180 2425 1363 2466 verbum
1403 2440 1428 2466 a
1474 2427 1611 2468 Plinio

141 2517 402 2557 expressum
440 2516 543 2543 esse
580 2510 775 2552 statuas,
817 2503 1075 2543 necessario
1111 2517 1198 2544 non
1231 2505 1612 2559 praemamlentes,

140 2583 265 2623 sicuti
284 2583 508 2622 Pintianus
533 2579 723 2631 volebat,
751 2581 832 2621 sed
858 2581 1190 2635 permandentes
1209 2584 1489 2625 scribendum
1516 2586 1613 2638 erit,

232 2696 271 2737 *)
320 2696 372 2727 Dc
398 2693 552 2727 ablativi
585 2692 678 2735 apud
707 2692 865 2724 Plinium
893 2703 960 2724 usu
998 2693 1195 2735 diligenter
1229 2695 1308 2738 egit,
1336 2695 1613 2729 Wannowskius

143 2751 176 2783 iu
207 2751 380 2784 Pliniauis
416 2765 447 2794 p.
469 2754 513 2782 ‘27
542 2761 617 2792 sqq.
654 2749 837 2791 gymnasii
875 2749 1130 2781 Pusuanicnsis
1169 2754 1433 2794 prograinmati
1467 2764 1496 2784 a.
1532 2757 1610 2786 1947

143 2807 365 2848 praemissis.

1284 2852 1336 2891 10
