1914 3237
148 1136 228 1180 346

147 1691 229 1735 347

148 2526 228 2569 348

261 175 313 218 52
846 178 962 217 Liber
984 178 1149 217 ΧῘἹΙΙ.

262 308 487 356 ortu1n,·ut
517 308 629 344 recte
659 304 709 344 ab
743 306 842 346 Iano
876 321 915 360 p.
947 306 1049 347 XVI
1081 312 1326 348 annotatum
1359 312 1423 349 est
1454 322 1477 349 e
1508 309 1724 362 στλεγγύς,

261 380 373 435 quod
414 381 451 420 in
495 381 590 421 hist.
629 382 758 436 plant.
793 382 906 425 VIII.
939 386 974 425 4.
1007 384 1032 427 3
1063 385 1225 440 legitur.
1284 385 1422 433 Quum
1469 390 1607 427 autem
1639 400 1722 427 non

258 457 338 498 hoc
369 458 460 498 loco
487 458 574 499 solo
615 472 637 498 a
668 458 948 514 Theophrasti
983 462 1264 518 descriptione
1295 463 1453 504 Plinius
1501 464 1724 505 recesserit

263 537 418 590 (genus
451 537 560 576 enim
593 537 809 590 spcudian,
842 540 1012 594 egregie
1043 540 1171 583 aSill.
1200 541 1438 582 restitutum
1452 540 1566 596 apud
1585 540 1723 582 Theo-

258 612 473 667 phrastum
506 627 588 653 non
627 615 761 668 magis
792 616 944 670 legitur
984 630 1108 671 quain
1143 616 1363 672 Sophoclis
1405 632 1549 660 versus
1581 632 1603 660 e
1633 618 1723 659 Tri-

258 691 441 745 ptolemo
473 690 615 731 fabula
647 693 849 745 repetitus
868 705 891 744 ᾳ,
937 707 962 733 a
992 693 1208 734 codicibus
1239 695 1436 736 standum
1476 695 1722 751 legendum-

259 781 339 823 que
372 774 435 809 est
464 773 668 818 stlenyian.
701 771 757 810 At
788 776 934 810 contra
965 770 1061 811 inde
1083 771 1225 824 a§.ss9
1246 771 1527 827 Theophrasti
1546 773 1724 827 vestigia

259 845 371 900 legit,
416 846 558 900 itaque
590 847 625 899 ξ.
658 846 710 888 70
739 851 909 887 silanion
946 850 995 899 [a
1015 852 1131 897 σῖτος
1151 847 1345 899 ductum)
1382 862 1434 890 ex
1463 849 1560 891 hist.
1590 851 1722 905 plant.

258 922 374 963 VIII.
394 923 431 964 Q.
451 923 475 965 3
506 924 738 977 scripturae
771 924 962 965 codicum
985 930 1163 966 setanion
1195 926 1262 966 vel
1290 934 1464 967 semmon
1494 927 1723 968 substitua-

258 1007 324 1041 tur
354 1005 530 1055 oportet.

836 1122 896 1166 66
935 1133 988 1153 Ξ
1024 1120 1149 1176 7,12.

258 1202 373 1242 Inter
403 1216 454 1243 ea
485 1204 608 1244 tritici
639 1217 819 1258 genera,
870 1218 977 1260 quae
1008 1205 1187 1246 Romam
1221 1205 1494 1258 invehuntur,
1540 1218 1722 1246 comme-

257 1287 445 1321 moratur
476 1281 602 1321 etiam
635 1286 880 1327 Boeotia-um,
915 1283 1038 1335 male,
1083 1296 1220 1338 neque
1251 1283 1362 1324 enim
1388 1283 1567 1324 Boeotia
1597 1281 1723 1323 Plinii

258 1363 397 1399 aetate
428 1358 618 1413 frugibus
651 1359 914 1401 abundabat:
941 1362 1142 1401 Baete'enm
1167 1360 1456 1416 reponendum
1480 1365 1544 1401 est
1565 1373 1587 1401 e
1608 1359 1724 1414 §.95‚

258 1436 368 1491 quod
400 1437 441 1477 in
472 1437 551 1477 cod
575 1451 600 1478 a
632 1440 831 1478 Baeticam
853 1438 1048 1479 scribitur
1077 1439 1156 1480 levi
1179 1439 1279 1479 vitio
1310 1438 1544 1493 eodemque
1576 1437 1628 1478 ad
1661 1439 1722 1478 in-

258 1515 581 1569 terpolationem
612 1516 796 1570 proclivi.

833 1658 893 1704 67
928 1670 981 1689 Ξ
1017 1657 1143 1712 7,12.

324 1740 427 1791 Lex
465 1747 596 1791 certe
634 1747 831 1790 naturae
869 1747 918 1790 ut
955 1740 1038 1790 rel.

367 1832 411 1871 In
443 1829 534 1871 cod.
568 1844 592 1870 a
621 1835 716 1884 post
748 1845 784 1871 v.
826 1839 1000 1870 natm-ae
1038 1830 1218 1883 spatium
1269 1828 1443 1869 duarum
1490 1827 1721 1868 litterarum

260 1922 435 1950 vacuum
469 1908 727 1963 relinquitur,
772 1908 882 1963 quod
916 1908 1043 1949 verbo
1077 1916 1133 1947 est
1164 1905 1419 1962 explendum
1452 1919 1544 1946 esse
1577 1918 1599 1944 e
1628 1919 1722 1961 pro-

258 1987 370 2027 ximo
411 1986 612 2027 vocabulo
658 1986 915 2041 intelligitur.
976 1987 1010 2039 ξ.
1043 1986 1095 2027 68
1140 1998 1192 2025 ex
1224 1983 1372 2025 eodem
1404 1982 1494 2024 cod.
1530 1996 1555 2024 a
1584 1983 1721 2024 scribo

260 2068 469 2116 Hispania.
513 2065 548 2117 ξ.
581 2065 633 2107 71
681 2068 866 2116 quidam,
913 2063 1024 2118 quod
1076 2062 1191 2103 dedit
1222 2061 1309 2102 Sill.
1356 2062 1538 2101 servavit
1583 2062 1722 2113 Ianus,

258 2156 477 2197 operarum
510 2142 609 2182 vitio
641 2142 908 2182 tribuendum
948 2154 1042 2181 esse
1072 2141 1279 2181 existimo.
1340 2138 1566 2193 Vulgatam
1610 2139 1719 2178 enim

258 2221 479 2261 lectionem
512 2224 678 2272 quidem,
709 2219 760 2260 ad
793 2234 916 2275 quain
949 2220 1103 2259 nullam
1134 2218 1364 2272 scripturae
1395 2216 1719 2271 discrepantiam

259 2298 396 2338 afferri
428 2299 562 2351 video⁷
594 2297 822 2352 particula,
865 2311 947 2352 qua
977 2295 1293 2350 Theophrastus
1324 2295 1393 2335 IV.
1424 2295 1462 2335 4.
1503 2292 1549 2335 10
1578 2293 1724 2345 utitur,

256 2379 448 2431 μάλιστα
479 2378 527 2419 δέ
560 2376 812 2417 defenditur.

855 2479 1125 2534 75:7,15

323 2565 648 2629 Hippocrates
685 2582 710 2613 c
748 2565 1029 2614 clarissimis
1066 2563 1335 2612 medicinae
1372 2561 1590 2610 scientia.

367 2652 470 2693 Cod.
504 2654 541 2693 τι]
575 2657 785 2705 scienle'ae,
831 2666 952 2708 quen]
985 2651 1224 2705 genetivum
1264 2649 1477 2704 qualitatis
1524 2647 1718 2702 equidem

258 2732 454 2786 vulgatae
494 2731 786 2783 praetuleri1n3
835 2731 942 2770 inter
986 2728 1181 2782 exempla
1211 2728 1321 2768 enim
1360 2739 1384 2766 a
1431 2724 1718 2780 Grasbergero

258 2823 296 2863 p.
337 2808 388 2851 29
420 2808 545 2849 allata
579 2807 704 2847 ctiam
738 2807 892 2861 duplex
925 2806 1142 2860 genetivus
1175 2804 1250 2845 ΧΙ.
1274 2804 1327 2847 86
1362 2803 1580 2858 reperitur.
