1914 3237
274 147 353 192 172
856 148 969 188 Liber
990 147 1153 187 XXIX.

273 281 359 329 est,
406 280 452 317 ut
491 277 677 331 leporem
709 275 880 317 surdum
919 275 1096 317 celerius
1139 274 1416 329 pinguescere
1461 274 1736 329 reperiamus‘

272 354 560 408 coniungeret.
622 355 676 394 At
707 353 965 395 alienissima
1002 366 1112 394 nova
1148 365 1256 407 quae
1287 352 1370 393 iam
1409 352 1554 407 incipit
1595 365 1734 392 rerum

273 431 402 472 series
432 431 484 472 ab
515 431 648 472 altera
678 432 749 472 illa
779 435 844 472 est
863 445 970 486 quae
988 429 1112 471 modo
1142 429 1386 481 absolvitur,
1418 441 1555 484 neque
1586 428 1735 471 eadem

272 513 480 550 structura
523 508 790 550 includenda.
849 507 1152 550 Restituendus
1189 511 1253 548 est
1293 507 1574 548 nominativus
1617 510 1736 548 medi-

273 590 414 627 cinae
444 586 561 626 cuius
592 585 880 641 praedicatum
912 598 934 626 e
965 585 1098 641 primo
1129 585 1267 639 capite
1298 584 1554 639 cogitatione
1582 585 1735 640 repeti-

273 671 338 705 tur
368 677 425 705 sc.
456 663 720 716 ,traduntur.‘

836 832 994 881 Llssfflz
1037 832 1179 881 ΧΧΙΧ.

384 953 452 994 Ad
481 953 592 994 hunc
623 966 791 1008 quoque
821 953 972 993 librum
1012 950 1323 993 emendandum
1357 951 1554 1006 quoniam
1587 949 1678 991 cod.
1713 963 1737 991 a.

272 1032 448 1074 collatus
478 1044 562 1072 non
593 1035 669 1084 est,
700 1031 926 1086 praecipue
945 1030 1006 1071 R²
1042 1028 1304 1085 sequendum
1328 1041 1422 1069 esse
1453 1028 1643 1081 arbitror,
1677 1028 1736 1069 ita

274 1117 415 1151 tamen
445 1114 491 1150 ut
519 1109 561 1150 in
590 1123 747 1164 magna
769 1108 991 1150 verborum
1020 1107 1285 1162 corruptione
1316 1120 1400 1148 non
1428 1106 1552 1148 modo
1586 1107 1736 1148 ceteris

278 1188 382 1231 ΘΗ1
405 1191 511 1240 utar,
544 1186 620 1228 sed
638 1200 690 1227 ne
710 1200 736 1227 a
754 1186 845 1228 cod.
866 1185 892 1227 d
923 1186 1090 1242 quidem
1111 1185 1360 1238 abstineam,
1390 1185 1460 1240 qui
1491 1186 1526 1238 ξ.
1539 1185 1592 1227 22
1623 1185 1736 1225 solus

272 1270 386 1307 recte
416 1269 559 1306 Notum
590 1264 760 1305 exhibet
791 1268 916 1320 atque
943 1276 1259 1318 nonnumquum
1284 1277 1379 1305 cum
1415 1262 1506 1303 cod.
1534 1262 1592 1302 ΗΖ
1623 1262 1737 1303 solus

272 1344 500 1399 conspirat.
531 1342 766 1384 Nonnullos
795 1342 910 1384 locos
941 1341 1056 1382 libris
1083 1341 1237 1382 nostris
1261 1340 1573 1381 emendatiores
1594 1340 1735 1381 Herm.

271 1422 486 1463 Barbarus
514 1422 557 1462 in
589 1421 674 1461 suis
714 1419 928 1461 codicibus
958 1419 1062 1475 legit
1099 1419 1227 1461 veluti
1260 1420 1294 1473 ξ.
1327 1419 1401 1472 52,
1445 1417 1566 1459 nobis
1597 1421 1738 1458 autem

273 1514 346 1541 eos
377 1513 481 1554 quos
503 1498 652 1554 Silligii
682 1498 857 1553 Ianique
888 1498 1107 1553 diligentia
1137 1497 1372 1538 accuratius
1398 1496 1591 1538 novimus
1621 1495 1737 1550 sequi

272 1592 396 1633 quam
427 1577 598 1618 incertis
628 1577 816 1631 vestigiis
847 1575 1040 1616 insistere
1070 1575 1317 1629 praestabit.
1349 1575 1489 1630 Atque
1513 1573 1566 1615 ad
1597 1577 1737 1614 cetera

271 1656 373 1698 vitia
408 1656 476 1697 hic
506 1658 674 1710 praeter
718 1666 857 1695 rerum
900 1652 1201 1706 obscuritatem
1238 1653 1398 1694 lacunis
1444 1652 1557 1693 haud
1589 1652 1736 1707 paucis

270 1734 548 1789 foliorumque
593 1731 908 1788 perturbatione
948 1731 1248 1772 accedentibus
1286 1745 1371 1772 non
1407 1744 1543 1786 pauca
1580 1730 1738 1771 intacta

271 1817 343 1854 aut
396 1811 643 1867 imperfecta
702 1808 980 1864 relinquenda
1022 1814 1159 1851 erunt.
1212 1834 1261 1838 —
1336 1809 1398 1863 ἓξ.
1436 1809 1462 1852 2
1509 1808 1564 1850 ad
1595 1808 1646 1851 21
1694 1807 1735 1847 in

271 1888 601 1932 chrestomathia
631 1888 916 1930 tractavimus.

161 1995 241 2039 635
878 1968 940 2014 24
958 1984 1019 2008 =
1039 1968 1127 2022 1,8.

335 2056 568 2105 Theriace
607 2058 810 2105 vocatur
845 2053 1125 2117 excogitata
1173 2052 1462 2116 compositio
1490 2051 1736 2113 luxuriae3

336 2144 386 2192 fit
422 2160 483 2193 ex
519 2144 666 2193 rebus
704 2141 977 2199 sexcentiS,
1033 2156 1139 2190 cum
1178 2145 1249 2190 tot
1296 2140 1512 2189 remedia
1548 2139 1737 2188 dederit

340 2237 521 2290 natura,
558 2246 683 2295 quae
720 2229 913 2294 singula
949 2228 1245 2279 sufficerent.

380 2318 563 2362 Fabricii
613 2318 856 2359 coniectura
886 2330 911 2358 a
946 2318 985 2357 S.
1016 2316 1045 2357 I.
1096 2319 1267 2371 recepta
1312 2328 1505 2357 caremus
1553 2314 1737 2370 egregie,

272 2413 367 2440 nam
402 2398 454 2439 de
485 2400 660 2438 externis
707 2408 781 2436 seu
821 2395 1056 2451 peregrinis
1096 2393 1305 2435 mercibus
1336 2393 1497 2434 Plinius
1538 2392 1735 2447 loquitur,

273 2478 332 2517 ita
387 2480 433 2516 ut
478 2478 655 2516 naturae
715 2474 998 2529 excogitatam
1037 2472 1270 2523 luxuriam,
1319 2471 1494 2526 singulis
1540 2471 1736 2512 remediis

274 2553 621 2608 compositionem
652 2556 850 2606 opponat.
908 2550 1031 2598 Quod
1063 2553 1203 2591 autem
1244 2549 1286 2590 in
1318 2549 1439 2590 codd.
1468 2549 1619 2603 legitur
1644 2553 1733 2597 fixit

275 2646 297 2673 e
336 2630 514 2686 proximi
552 2629 744 2670 vocabuli
782 2633 1012 2680 compositio
1073 2634 1194 2679 (nam
1232 2631 1418 2668 luxuriae
1455 2627 1496 2667 in
1526 2627 1737 2681 plerisque

275 2709 501 2757 omittitur)
543 2707 624 2747 fine
669 2711 910 2762 corruptum
942 2712 1017 2748 est.
1077 2706 1242 2748 Scribo:
1283 2707 1511 2757 compositio
1553 2709 1738 2745 lua-uriae

276 2800 327 2829 ex
356 2790 474 2828 rebus
503 2788 758 2826 externis.
