1914 3237
318 190 373 231 80
915 192 1034 231 Liber
1063 193 1129 231 XI
1133 194 1184 234 X.

313 321 491 360 bolln'nen
523 331 544 359 e
578 317 871 372 Theophrasto
903 318 998 360 VII.
1031 320 1094 362 13.
1126 320 1150 363 9
1191 324 1315 376 atque
1356 334 1409 361 ex
1440 320 1587 362 eodem
1636 323 1774 377 capite

313 397 349 450 ξ.
381 400 404 437 3
436 400 642 447 aeyilopa,
695 409 818 451 quam
851 397 1063 452 vulgatam
1110 397 1333 439 lectionem
1367 398 1453 439 Sill.
1483 398 1570 441 Ian.
1613 404 1772 441 temere

312 478 668 529 contempserunt,
699 474 961 515 restituenda
991 479 1100 516 sunt.

200 580 276 623 401
902 566 1171 621 98--6,31.

375 649 671 715 amplissima
705 655 866 699 autem
924 650 1115 711 (radix)
1158 650 1381 715 lapatho,
1438 657 1489 700 ut
1526 667 1649 716 quae
1687 652 1773 701 de-

375 738 579 787 scendat
615 738 676 786 ad
714 738 802 786 tria
838 738 1023 801 cubit-<13
1073 737 1282 787 silvestri
1323 739 1477 788 minor
1513 744 1560 788 et
1597 740 1771 798 umida,

375 826 553 875 effossa
590 840 786 889 quoque
825 825 907 874 diu
945 824 1075 874 vivit.

419 912 649 953 Numerum
681 913 891 968 corrigere
921 926 1006 954 non
1037 913 1194 966 ausim,
1225 912 1421 967 quoniam
1446 913 1536 955 fieri
1566 914 1702 969 potuit
1729 918 1775 956 ut

309 990 486 1044 librarii,
546 990 696 1045 quibus
741 991 918 1045 scriptor
966 991 1058 1045 ipse
1096 990 1317 1044 utebatur,
1376 1005 1597 1032 numerum
1642 996 1774 1049 τριῶν

310 1066 559 1124 ἢμιποδίων
597 1068 666 1123 qui
711 1068 823 1123 apud
853 1068 1191 1123 Theophrastum
1224 1068 1315 1110 VII.
1347 1069 1383 1112 2.
1416 1070 1440 1113 7
1472 1074 1632 1124 exstat,
1680 1084 1773 1125 per-

309 1159 454 1201 peram
484 1146 863 1201 interpretarentur
901 1150 974 1188 aut
1004 1150 1198 1187 notarent
1259 1146 1336 1197 (de
1368 1160 1448 1202 quo
1481 1160 1667 1188 errorum
1699 1161 1771 1202 ge-

310 1237 410 1265 nere
460 1224 502 1265 in
541 1224 871 1266 chrestomathia
913 1239 952 1280 p.
981 1224 1130 1266 XVIII
1175 1224 1305 1266 verba
1347 1224 1540 1278 feci)'‘²),
1594 1225 1771 1265 alterum

310 1306 453 1344 tamen
485 1315 668 1343 errorem
708 1302 856 1344 eodem
888 1302 1181 1357 Theophrasto
1222 1307 1393 1343 auctore
1434 1302 1773 1356 interpungendo

264 1428 268 1430 ,
310 1380 468 1432 tollam,
507 1384 553 1421 ut
583 1381 724 1421 omnia
753 1386 921 1436 praeter
952 1381 1056 1422 duas
1087 1395 1212 1423 voccs
1243 1385 1355 1421 recte
1376 1379 1429 1421 ad
1459 1380 1676 1435 lapathum
1708 1394 1773 1421 re-

309 1457 517 1499 ferantur:

365 1550 402 1577 α.
433 1550 471 1576 α.
502 1540 522 1577 l.
554 1550 591 1577 u.
623 1550 660 1587 q.
694 1538 731 1576 d.
763 1549 798 1577 a.
837 1543 861 1578 t.
902 1539 1035 1578 cubita
1066 1561 1116 1566 —
1145 1539 1314 1577 silveslre·
1350 1540 1478 1578 minor
1515 1561 1564 1567 —-
1605 1544 1641 1578 ec
1678 1540 1773 1578 mm'-

364 1617 419 1654 da
448 1614 522 1655 rel.
1431 1616 1436 1620 ⁴

200 1693 284 1738 40‘2
898 1694 988 1741 100
1008 1715 1065 1734 =
1085 1695 1208 1751 631.

375 1770 509 1821 Folia
544 1800 682 1807 ——·-
722 1772 927 1821 maxime
965 1788 1183 1822 concava
1219 1776 1330 1821 sunt
1366 1787 1531 1837 cepae,
1569 1770 1770 1836 gethyo.

418 1858 511 1899 Non
551 1858 719 1914 γήθυον
758 1859 832 1900 scd
869 1860 1041 1915 γήτειον
1087 1861 1329 1915 nominatur
1360 1873 1385 1900 a
1414 1859 1708 1914 Theophrasto
1740 1860 1772 1900 l.

311 1937 375 1979 10.
406 1937 432 1978 8
463 1940 504 1977 et
533 1936 626 1977 VII.
657 1937 695 1978 4.
726 1937 791 1989 10,
822 1937 963 1993 itaque
986 1937 1253 1979 scribendum
1278 1942 1342 1978 est
1364 1941 1468 1988 yetz'o
1494 1942 1631 1990 (qetyo
1649 1937 1774 1992 Apul.

310 2030 350 2070 p.
380 2014 561 2056 XXXII.
601 2013 667 2055 ed.
709 2014 796 2056 Sill.
836 2020 878 2056 et
914 2015 990 2070 d);
1036 2015 1147 2056 idom
1187 2016 1300 2056 valet
1330 2015 1382 2055 dc
1415 2016 1449 2069 ξ.
1482 2015 1560 2057 105
1600 2019 1641 2055 et
1688 2014 1774 2067 107,

310 2093 381 2134 ubi
408 2097 513 2144 qete'n
545 2096 587 2133 et
619 2096 781 2134 Genium
810 2092 852 2133 in
883 2107 921 2146 a,
951 2101 1068 2146 yetyn
1099 2097 1141 2135 ct
1175 2097 1350 2134 Gentium
1379 2093 1420 2133 in
1452 2106 1473 2133 c
1496 2091 1522 2132 d
1552 2092 1717 2146 legitur.

889 2174 976 2221 101
998 2192 1057 2211 =
1075 2175 1199 2230 631.

201 2248 282 2293 403
378 2259 539 2324 Ccpao
574 2274 760 2323 genera
794 2260 925 2324 apud
963 2260 1179 2311 Graecos
1204 2289 1259 2295 --
1301 2258 1648 2318 Samothracia,
1687 2257 1776 2307 Al-

379 2347 550 2396 sidena
586 2346 671 2395 rel.

387 2473 424 2513 “)
456 2473 508 2505 Ita
534 2474 565 2513 ἓ.
595 2471 661 2506 124
688 2472 824 2505 Plinius
864 2470 958 2515 apud
994 2470 1283 2514 Theophrastum
1324 2469 1396 2503 Vll.
1424 2470 1457 2505 6.
1486 2470 1506 2505 3
1544 2480 1616 2504 non
1655 2466 1775 2514 μανό-

455 2543 597 2585 wulkow
633 2541 695 2576 sed
722 2539 981 2586 μονόᾳωλλον,
1020 2539 1148 2584 §.125
1176 2540 1272 2584 apud
1307 2540 1461 2574 eunden]
1492 2539 1565 2574 VlL
1595 2540 1674 2574 4.5
1701 2549 1775 2572 non

455 2609 602 2649 ὀπῶδες
640 2612 702 2646 sed
737 2611 883 2648 ποιῦδες
928 2611 1136 2654 transtulit,
1172 2612 1257 2644 item
1299 2613 1328 2652 ἓ.
1358 2610 1434 2645 104.
1474 2610 1547 2642 V11.
1583 2609 1617 2643 4.
1644 2609 1664 2644 9
1706 2620 1773 2641 non

456 2678 537 2715 οἷον
563 2682 625 2715 sed
653 2681 721 2715 ῗον.
753 2682 853 2724 Αῑιὲ.
883 2682 950 2717 120
976 2682 1102 2715 lacuna
1130 2680 1294 2714 codieun1
1324 2681 1396 2714 VlL
1424 2680 1456 2714 3.
1481 2679 1500 2713 3
1527 2678 1634 2712 shnih
1663 2678 1772 2712 niodo

456 2751 640 2796 cxphnur,
690 2762 761 2795 quo
790 2752 950 2786 Gazain
977 2752 1071 2786 Hbro
1100 2762 1166 2785 suo
1200 2750 1401 2794 suppoetmn
1440 2750 1620 2793 repoffisse
1654 2753 1776 2793 pumu-

457 2822 523 2856 dus
551 2826 615 2856 ost.
