1914 3237
769 203 903 246 Liber
928 205 1005 247 II.
1597 205 1647 245 15

279 330 390 372 Olim
426 330 578 370 orbem
618 328 662 368 in
700 326 834 368 multa
873 339 1015 381 regna
1053 326 1237 368 divisum
1274 327 1485 381 plurimos
1522 329 1644 370 viros

168 411 368 452 doctrina
413 415 457 450 et
495 406 671 461 ingenio
712 404 861 447 claros
895 405 1048 447 tulisse
1079 405 1261 447 miratur
1285 406 1472 460 Plinius,
1516 421 1646 463 quum

165 501 282 530 nunc
309 501 397 529 uno
427 494 644 528 terrarum
670 485 845 526 domino
876 485 1022 526 studia
1051 484 1208 527 relicta
1236 485 1424 528 iaceant.
1481 487 1643 542 Expel-

165 567 340 609 lendum
375 574 443 608 est
473 566 608 621 igitur
638 564 871 607 molestum
902 563 1131 619 glossema
1161 564 1242 606 hoc
1271 571 1334 606 est
1365 565 1412 606 in
1439 565 1644 619 membra,

165 660 253 703 quo
282 646 441 702 aliquis
473 644 731 687 divisionem
769 645 890 687 orbis
921 645 1145 687 illustrare
1176 646 1358 688 studuit.

714 757 810 806 118
848 757 1089 824 (ibidem).
1674 763 1724 803 17

237 890 300 897 -—
338 868 388 908 et
426 860 663 907 immensa
698 858 958 908 multitudo
996 866 1167 925 aperto
1208 860 1536 924 quodcunque
1573 865 1648 906 est

233 950 357 1000 mari
409 949 735 1015 hospitalique
788 950 1005 999 littorum
1057 951 1269 999 omnium
1317 952 1526 1017 appulsu
1566 966 1648 998 na-

233 1041 364 1106 vigat
391 1069 459 1076 —-

167 1155 423 1204 quocunque
454 1140 609 1182 a²drb
652 1155 939 1203 quaecunque
967 1144 1014 1182 a¹
1045 1155 1216 1203 cunque
1253 1142 1294 1184 R
1335 1165 1384 1172 -—
1424 1148 1507 1193 est,
1545 1141 1588 1183 in
1620 1142 1647 1183 d

166 1234 339 1263 rasura.
372 1244 421 1251 —
453 1221 606 1276 ltaque
639 1220 923 1262 scribendum
953 1221 1147 1262 videtur:

586 1305 734 1356 aperto
770 1313 1080 1361 quocunque
1116 1301 1231 1341 mari

166 1379 202 1431 §.
226 1380 319 1422 121.
351 1379 482 1434 vulgo
514 1386 640 1420 recte
671 1378 815 1420 editur
847 1379 960 1423 item.
1019 1379 1130 1420 Nam
1153 1379 1314 1421 circius
1336 1379 1392 1420 ab
1414 1379 1647 1421 occidente

167 1460 322 1516 spirat,
353 1458 530 1501 caecias
560 1459 615 1500 ab
646 1459 828 1500 oriente.

724 1562 820 1610 122
838 1583 890 1606 =
905 1562 987 1623 47,
1010 1562 1092 1610 47.
1673 1565 1727 1608 18

234 1663 510 1711 Favonium
541 1661 736 1726 quidam
768 1680 810 1710 a.
831 1663 876 1711 d.
896 1664 1042 1712 VIII.
1063 1661 1314 1711 Kalendas
1337 1660 1504 1710 Martii
1536 1662 1647 1710 che-

234 1752 448 1801 lidonian
482 1760 657 1801 vocant
694 1754 751 1800 ab
787 1753 1059 1801 hirundinis
1097 1752 1231 1814 visu,
1277 1753 1494 1801 nonnulli
1528 1770 1646 1803 vero

236 1842 476 1892 ornithian
509 1859 603 1891 uno
642 1848 691 1890 et
706 1843 867 1892 LXX.
885 1845 957 1911 (2)
982 1844 1061 1892 die
1089 1849 1203 1907 post
1220 1844 1439 1893 brumam
1473 1845 1531 1892 ab
1566 1846 1647 1894 ad-

233 1940 382 1983 ventu
412 1934 572 1983 avium
605 1935 801 1983 flantem
834 1952 925 2000 per
963 1935 1069 1983 dies
1099 1951 1289 1984 novem.

278 2035 386 2077 Levi
418 2036 765 2090 transpositione
800 2042 984 2077 sanatur
1019 2034 1157 2077 locus.
1221 2036 1345 2077 Sicut
1377 2036 1490 2078 enim
1521 2035 1646 2079 favo-

166 2115 282 2156 nium
311 2115 367 2156 ab
396 2113 642 2156 hirundinis
672 2114 769 2156 visu
800 2114 1094 2166 chelidonian,
1125 2117 1186 2157 ita
1216 2117 1270 2157 ab
1290 2116 1436 2157 avium
1454 2116 1648 2159 adventu

168 2193 385 2237 ornithian
417 2195 573 2236 vocari
601 2201 820 2237 narratur.
883 2194 1034 2250 ltaque
1064 2194 1300 2250 legendum
1331 2201 1425 2237 est:

223 2272 426 2314 nonnulli
453 2287 555 2314 vero
584 2271 807 2313 ornithian
837 2271 890 2313 ab
915 2272 1107 2314 adventu
1136 2274 1282 2315 avium
1310 2289 1398 2315 uno
1428 2274 1507 2318 rel,

725 2386 821 2434 129
843 2410 889 2428 =
910 2386 992 2449 47,
1014 2387 1096 2436 48.
1671 2405 1724 2446 19

235 2488 438 2551 Septem
459 2486 643 2535 triones
674 2487 848 2552 impari
877 2488 982 2536 fere
1019 2488 1249 2537 desinunt
1265 2505 1487 2551 numero,
1520 2506 1644 2555 quae

232 2576 509 2626 observatio
541 2583 590 2624 et
627 2577 677 2625 in
712 2577 818 2627 aliis
859 2579 1023 2628 multis
1051 2596 1219 2628 rerum
1257 2586 1460 2628 naturae
1497 2581 1643 2645 parti-

231 2670 322 2718 bus
343 2669 498 2728 valet3
533 2683 695 2716 mares
730 2667 895 2733 itaque
933 2669 1274 2719 existimantur
1309 2670 1523 2736 impares
1556 2688 1642 2721 nu-

233 2759 396 2808 meris.
435 2759 523 2808 Sol
557 2763 637 2806 rel.

277 2859 453 2914 imparis
478 2873 660 2902 numero
695 2858 830 2914 vulgo
860 2858 1019 2915 legitur
1050 2875 1151 2904 cum
1183 2863 1284 2905 cod.
1315 2876 1354 2904 a.
1403 2860 1552 2904 Ceteri
1580 2862 1642 2904 ita
