1914 3237
704 204 823 244 Liber
861 200 1001 264 XVII.
1529 192 1582 235 43

122 335 274 377 cabula
311 348 413 386 quae
441 339 482 376 in
520 336 692 375 arbustis
732 343 840 386 quae
869 342 1007 384 neque
1042 328 1085 368 in
1116 326 1331 369 codicibus
1366 323 1584 378 reperiun-

125 418 193 455 tur
222 426 359 469 neque
390 411 600 454 sententia
629 410 710 450 loci
739 408 1026 463 requiruntur,
1068 406 1276 445 immerito
1304 417 1328 444 a
1356 402 1455 444 viris
1489 400 1585 441 doc-

124 492 177 532 tis
201 491 446 532 retinentur.

680 580 774 627 225
789 598 847 618 =
869 577 1026 633 2437.
1618 581 1700 627 330

188 678 392 729 Scabies
445 677 661 743 gignitur
721 675 911 725 roribus
966 672 1111 722 lentis
1167 674 1278 736 post
1334 667 1588 734 vergilias;

190 782 299 816 nam
336 766 376 815 si
412 766 651 830 largiores
687 765 844 822 fuere,
897 760 1193 827 perfundunt
1218 758 1454 815 arborem,
1493 771 1589 805 non

189 854 428 919 scalpunt.
482 853 659 903 Scabie
697 858 744 902 et
779 851 941 916 grossi
979 849 1181 906 cadunt,
1219 847 1255 896 si
1296 845 1376 895 vel
1411 845 1591 894 imbres

190 943 320 991 nimii
372 942 532 1003 fuere3
588 940 681 991 alio
733 941 880 991 modo
936 938 1056 987 licus
1106 936 1293 985 laborat
1346 933 1591 982 radicibus

190 1030 413 1079 madidis.

217 1117 365 1158 Talem
380 1118 519 1158 locum
538 1115 650 1171 apud
672 1116 879 1171 Silligium
896 1114 1090 1169 legimus,
1123 1111 1305 1153 eundem
1324 1110 1444 1151 aliter
1466 1110 1593 1150 Ianus

126 1196 355 1247 constituit,
389 1195 471 1250 qui,
503 1194 583 1234 nisi
597 1193 882 1248 Theophrasti
900 1191 1226 1245 descriptionem
1257 1188 1330 1229 IV.
1360 1189 1421 1230 14.
1455 1191 1478 1229 5
1507 1186 1592 1227 Pli-

125 1273 219 1314 nius
233 1273 419 1314 imitatus
440 1277 566 1325 esset,
600 1285 621 1311 e
643 1270 834 1313 codicum
853 1271 951 1312 Mss.
975 1268 1170 1310 sordibus
1189 1267 1260 1307 vix
1290 1265 1478 1321 expediri
1501 1278 1594 1320 pos-

128 1358 201 1392 set.
232 1351 383 1392 Tribus
402 1355 543 1392 autem
564 1350 700 1391 modis
718 1350 842 1391 ficum
867 1347 1069 1389 imbribus
1100 1345 1245 1386 vexari
1277 1343 1594 1398 Theophrastus

127 1433 391 1469 narraverat:
442 1442 576 1484 aquae
607 1429 805 1483 penuria,
851 1427 964 1468 unde
1014 1424 1177 1466 scabies
1219 1427 1425 1474 oreretur,
1466 1421 1595 1475 largis

125 1507 342 1559 imbribus,
374 1507 524 1562 quibus
557 1507 681 1548 arbor
711 1505 1046 1561 perfunderetur,
1092 1502 1231 1543 nimiis
1265 1501 1468 1555 denique,
1503 1499 1592 1554 qui-

128 1585 205 1626 bus
235 1584 398 1626 radices
442 1585 675 1626 maderent.
736 1584 923 1632 Quorum
955 1582 1196 1623 morborum
1228 1580 1406 1635 primum
1437 1578 1506 1618 ille
1538 1577 1596 1618 sic

129 1663 370 1718 descripsit:
431 1661 453 1718 ἡ
499 1663 548 1705 δὲ
584 1663 715 1718 ψώρα
760 1663 950 1717 μάλιστα
996 1665 1163 1713 γίνεται
1208 1658 1315 1701 ὅταν
1359 1655 1475 1712 ὕδωρ
1524 1652 1598 1698 ἐπὶ

128 1741 313 1783 Πλειάόι
343 1743 519 1796 γένηται
558 1741 613 1797 μὴ
645 1741 782 1791 πολύ,
829 1739 990 1780 Plinius
1034 1737 1132 1779 inde
1180 1751 1203 1777 a
1248 1749 1351 1777 voce
1395 1734 1596 1788 ,Scabies‘

130 1832 263 1874 usque
295 1818 348 1859 ad
381 1819 627 1874 ,vergilias‘,
659 1819 838 1860 alterum
868 1817 932 1858 his
963 1817 1101 1858 verbis
1133 1813 1213 1859 ἐὰν
1245 1815 1294 1857 δὲ
1324 1813 1455 1863 πολὺ,
1486 1813 1597 1854 ἀπο-

128 1897 340 1947 κλύζεται·
389 1901 619 1952 συμβαίνει
666 1897 715 1938 δὲ
758 1896 858 1938 τότε
901 1898 975 1937 καὶ
1017 1895 1070 1937 τὰ
1112 1891 1235 1951 ἕρινά
1282 1891 1496 1947 ἀπορρεῖν
1526 1893 1600 1932 καὶ

128 1975 230 2024 τοὺς
272 1973 510 2024 ὀλύνθους,
559 1974 709 2030 quibus
752 1974 865 2029 apud
903 1973 1087 2014 Plinium
1134 1972 1326 2028 proxima
1367 1982 1501 2025 usque
1545 1967 1599 2009 ad

131 2066 275 2094 vocem
306 2056 455 2094 cadant
481 2052 769 2108 respondeant
799 2065 976 2094 necesse
1007 2056 1084 2092 est.
1142 2052 1331 2105 Apparet
1360 2048 1487 2104 igitur
1518 2051 1599 2088 lar-

129 2135 262 2183 qiores
290 2131 525 2172 rectissime
557 2144 582 2171 a
607 2130 884 2185 Dalecampio
916 2129 1063 2182 scribi,
1094 2129 1193 2169 licet
1223 2127 1392 2169 codices
1421 2130 1600 2167 rariores

129 2209 337 2263 habeant,
387 2208 540 2250 deinde
583 2208 702 2249 nihili
742 2207 981 2249 faciendam
1020 2220 1114 2249 esse
1154 2204 1481 2261 dittographiam
1507 2217 1599 2256 per-

127 2289 302 2336 fundunt
347 2300 416 2339 ne,
461 2300 482 2327 e
529 2287 685 2328 codicis
732 2286 968 2341 archetypi
996 2286 1096 2327 vitio
1128 2282 1601 2326 PERFVNDVNTNT

130 2365 427 2420 repetendam,
473 2370 562 2405 tum
599 2368 734 2405 scabie
772 2372 807 2404 et
845 2367 977 2414 qrossz'
1021 2363 1191 2418 egregie
1234 2361 1285 2403 ab
1316 2360 1535 2402 Harduino
1579 2373 1600 2401 e

132 2443 378 2497 corruptelis
427 2442 618 2483 codicum
656 2446 791 2483 scabie
840 2450 966 2482 eleros
1005 2445 1060 2495 εἰ,
1111 2442 1145 2482 si
1184 2441 1343 2496 Silligio
1390 2439 1600 2480 credimus

136 2520 412 2575 (scabiterossc'
447 2521 489 2561 in
519 2521 718 2561 Parisinis
749 2520 832 2575 legi
863 2519 1109 2561 Harduinus
1139 2519 1322 2571 retulit),
1361 2520 1601 2558 restitutum

132 2611 249 2652 esse3
294 2603 509 2654 postremo
553 2601 689 2639 scabie
740 2598 852 2655 quod
882 2598 1129 2640 Harduinus
1174 2600 1287 2637 recte
1327 2595 1381 2637 ad
1418 2600 1602 2647 scalpunt

133 2677 412 2732 applicuerat,
473 2690 498 2717 a
538 2676 699 2731 Silligio
745 2677 855 2717 male
902 2690 997 2717 cum
1036 2690 1100 2718 vv.
1141 2683 1176 2715 et
1212 2678 1344 2725 yrossi
1388 2673 1600 2728 coniungi.

133 2754 397 2810 Quamquam
428 2769 575 2796 vocem
605 2758 741 2795 scabie
770 2753 885 2794 haud
921 2754 1005 2794 scio
1034 2767 1089 2794 an
1119 2753 1242 2794 docto
1273 2753 1412 2808 potius
1430 2750 1600 2792 librario

133 2846 257 2888 quam
287 2833 423 2874 Plinio
454 2833 655 2884 tribuam,
695 2846 778 2888 qua
808 2832 1018 2873 insolitam
1050 2831 1167 2873 verbi
1195 2836 1380 2884 scalpunt
1409 2830 1491 2872 vim
1523 2843 1594 2872 ex-
