1914 3237
712 162 831 201 Liber
862 157 1071 199 XXVIII.
1270 179 1278 187 ·
1546 151 1623 194 165

262 293 525 335 Structuram
572 290 792 332 verborum
830 288 890 328 ita
941 286 1110 327 demum
1161 282 1376 325 emendari
1432 285 1623 338 apparet,

157 386 252 413 cum
285 386 308 412 e
336 370 416 412 Rd
462 382 556 410 cum
587 366 768 421 vulgatis
801 364 1057 406 editionibus
1089 363 1331 418 genetivum
1362 365 1473 411 cteqrz'
1503 360 1623 400 resti-

159 449 287 491 tueris
321 452 446 502 atque
478 446 620 487 littera
647 459 667 484 s
697 457 720 484 e
750 443 943 499 proxima
972 453 1075 482 voce
1106 440 1287 494 repetita
1318 438 1555 494 scripseris:

213 529 325 577 aeyri
351 526 557 575 supterlim'
588 547 635 552 —-
668 529 704 562 et
734 523 968 572 iynoranle's.

750 626 809 672 91
837 638 887 656 Ξ
906 624 1033 678 826.
1656 621 1737 668 606

224 713 420 764 Urinam
462 712 687 774 (cameli)
740 709 1007 760 fullonibus
1043 704 1345 755 utilissimam
1385 722 1497 757 esse
1531 709 1627 754 tra-

226 802 369 863 dunt;
407 830 468 840 -·-
504 801 737 865 barbaros
774 814 971 848 servare
1025 813 1131 847 eam
1169 795 1502 862 quinquennio
1538 792 1625 842 rel.

269 890 525 931 Infinitivum
569 889 747 930 alterum
794 889 902 927 bene
939 884 1108 942 quidem
1155 885 1283 926 verbo
1325 887 1494 925 tradunt
1536 881 1627 936 regi

159 983 242 1010 non
285 982 417 1023 nego,
468 967 543 1008 sed
590 966 759 1021 optimis
804 964 924 1006 codd.
956 964 1013 1004 R2
1044 963 1102 1005 V2
1146 963 1188 1003 in
1225 963 1332 1004 libro
1373 966 1438 1004 sat
1485 959 1627 1002 multis

159 1047 319 1088 lacunis
357 1046 574 1101 inquinato
618 1043 995 1098 obtemperandum
1046 1041 1398 1096 scribendumque
1441 1043 1488 1081 ut
1538 1042 1629 1079 erat

160 1129 258 1166 ante
288 1123 434 1176 Hard.‚
465 1137 583 1164 reor:
615 1125 811 1163 barbaros
842 1128 1006 1161 consuit.

762 1227 824 1271 95
841 1237 886 1256 Ξ
905 1225 1030 1279 837.
1659 1240 1739 1283 607

227 1312 445 1362 eiusdem
470 1311 657 1368 (1611165,
694 1311 734 1360 si
765 1310 826 1359 de
847 1309 1040 1358 sinistra
1060 1313 1194 1374 parte
1213 1307 1353 1357 rostri
1377 1305 1498 1356 eruti
1518 1305 1627 1354 sint.

272 1404 394 1442 rostri
424 1403 527 1440 eruce·
554 1403 632 1439 sint
674 1398 822 1453 reliqui
853 1397 1020 1438 codices
1050 1397 1261 1448 omittunt,
1291 1395 1348 1436 ΒΓΖ
1378 1394 1509 1435 verba
1538 1397 1630 1434 tan-

163 1484 251 1520 tum
283 1483 384 1519 eruti
410 1482 500 1519 sint.
531 1482 566 1518 si
596 1491 618 1518 e
645 1466 940 1517 terminatione
972 1479 1096 1515 dentis
1131 1474 1240 1515 male
1270 1473 1495 1528 repetitam
1516 1475 1631 1512 recte

162 1556 463 1612 Dalecampius
495 1554 656 1605 omisit,
699 1553 809 1594 idem
841 1553 1003 1608 reliqua
1035 1566 1201 1608 quoque
1233 1551 1448 1607 expunxit.
1506 1549 1565 1591 At
1592 1564 1630 1589 v.

162 1640 287 1676 rostri
316 1635 408 1677 cod.
440 1634 497 1674 R²
531 1637 703 1674 auctore
735 1631 1001 1673 retinendam
1032 1644 1126 1672 esse
1157 1643 1325 1672 censeo,

504 1721 860 1772 ulo-:ibidem
905 1722 993 1781 (de
1030 1721 1271 1784 hyaena).
1665 1711 1745 1756 608

231 1811 496 1877 superioris
534 1811 735 1859 dextrae
772 1810 921 1875 partis
957 1808 1101 1859 rostri
1138 1808 1274 1857 dens,

276 1902 341 1941 Ita
372 1900 458 1941 Sill.
489 1899 601 1939 Ian.:
650 1912 670 1938 e
698 1901 897 1949 superlore·
927 1900 1071 1937 (lextra
1099 1904 1218 1948 parte
1247 1899 1369 1935 rostri
1399 1897 1514 1943 dens,
1560 1892 1636 1932 im-

169 1978 432 2033 peditissima
462 1981 640 2032 uterque
681 1980 904 2017 structura.
961 1975 1024 2015 R²
1071 1978 1271 2026 superiori
1309 1976 1477 2014 dextrae
1507 1974 1638 2023 partis

166 2061 286 2097 rostri
315 2055 426 2096 R1V
446 2055 480 2096 Τ
510 2058 708 2105 superiori
739 2057 883 2095 (ἀκτῖνα
911 2061 1031 2103 parte
1059 2057 1183 2093 rostri
1210 2053 1235 2093 i.
1269 2066 1304 2094 e.
1334 2052 1476 2092 littera
1505 2053 1517 2090 i
1548 2062 1636 2090 cor-

167 2138 303 2176 recta:

275 2215 458 2263 superior
488 2224 508 2251 e
538 2214 682 2251 dea-tra
710 2213 828 2260 purse
857 2213 979 2248 rostri
1011 2211 1121 2249 dens.

738 2301 825 2347 111
850 2315 900 2332 Ξ
923 2300 1049 2355 838.
1668 2326 1749 2371 609

236 2387 450 2452 Sanguis
509 2387 758 2451 utriusque
830 2385 1121 2447 (crocodili)
1186 2383 1452 2434 claritatem
1506 2381 1639 2430 visus

239 2475 448 2526 inunctis
486 2475 633 2525 donat
671 2479 717 2523 et
767 2475 1020 2524 cicatrices
1058 2472 1310 2523 oculorum
1347 2469 1589 2520 emendat.

280 2564 395 2605 Leve
426 2564 573 2604 vitium
607 2577 658 2604 ex
689 2562 905 2617 archetypi
938 2575 986 2602 ea
1019 2561 1173 2616 specie,
1209 2559 1374 2615 qualem
1407 2557 1546 2598 animo
1579 2556 1639 2597 in-

172 2642 376 2694 formavi,
408 2640 701 2696 corrigendum
734 2644 809 2681 est.
870 2640 934 2681 Sc.
966 2655 1030 2680 vv.
1063 2643 1185 2680 doma
1228 2646 1263 2678 el
1300 2638 1343 2678 in
1374 2636 1490 2678 libris
1522 2634 1639 2676 MSS.

175 2734 258 2761 non
288 2721 497 2775 leguntur,
528 2720 570 2760 in
594 2733 770 2775 quorum
790 2717 1018 2773 archetypo
1038 2718 1120 2759 duo
1141 2730 1287 2758 versus
1306 2714 1453 2757 XXVI
1483 2714 1640 2755 littera-

172 2784 266 2840 rum
292 2799 351 2840 ita
381 2799 524 2854 scripti
553 2798 744 2839 fuerunt:

1644 2854 1664 2875 l
