1914 3237
162 759 236 800 171

162 2417 239 2460 172

269 143 349 187 138
847 139 979 182 Liber
1008 139 1152 182 VIII.

267 273 389 309 recte
408 264 633 306 l’intianus
662 263 840 318 scripsit
855 263 1012 314 XVffl,
1037 262 1090 304 cf.
1108 263 1283 305 Seneca
1298 262 1368 304 De
1387 263 1507 305 brev,
1523 262 1593 304 vit.
1611 276 1648 304 e.
1663 261 1730 307 13.

268 346 455 398 Semper
484 344 597 385 enim
627 344 807 398 paribus
836 343 1030 385 numeris
1061 341 1284 398 elephanti
1321 354 1547 396 pugnasse
1583 342 1731 383 viden·

268 430 348 463 tur.
406 423 525 463 Idem
543 421 580 477 §
595 421 664 465 24.
698 427 819 462 reete
851 434 875 461 e
902 420 1033 463 codd.
1067 420 1266 474 vestigiis
1295 418 1514 472 vulgatam
1544 419 1731 472 scriptu-

266 515 360 543 ram
396 515 541 559 qreqes
579 501 757 542 mutavit
789 501 831 541 in
871 513 1001 556 reyes.
1059 499 1094 540 E
1125 499 1258 540 Iubae
1298 496 1623 539 commentariis
1659 508 1732 537 ca-

267 580 412 634 piendi
438 581 613 622 modum
641 578 871 621 exstinctis
898 576 1078 632 regibus
1108 575 1308 619 relietum
1335 575 1582 630 sumpsisse
1614 574 1733 616 vide-

268 667 337 701 tur
367 657 543 699 Plinius.

827 743 1160 803 32=11,11.

333 844 681 894 Commoritur
711 861 766 891 ea
791 842 1050 890 dimicatio
1071 842 1326 906 victusque
1349 856 1584 889 corruens
1610 840 1731 903 (ele-

320 937 580 1000 phantus)
619 934 927 997 complexum
964 930 1294 996 (draconem)
1332 930 1468 978 elidit
1496 930 1731 994 pondere.

375 1041 651 1096 Corrigenda
681 1053 783 1081 esse
815 1037 953 1092 prima
980 1036 1120 1077 verba
1156 1034 1261 1075 vidit
1290 1032 1535 1075 Salmasius
1568 1048 1609 1087 p.
1636 1032 1733 1082 307,

263 1133 362 1162 nam
397 1133 487 1161 non
522 1131 694 1173 pugna,
735 1115 818 1158 sed
856 1113 1060 1155 animalia
1096 1111 1334 1167 pugnando
1376 1112 1732 1160 commoriuntur,

262 1199 376 1242 sicut
405 1212 507 1239 mox
535 1197 572 1253 ᾖ.
591 1197 664 1240 34.
696 1197 916 1236 dracones
945 1201 988 1234 et
1025 1191 1129 1247 galli
1159 1192 1500 1233 commorientes
1529 1190 1645 1232 infra
1673 1192 1729 1232 X.

262 1279 328 1320 47.
362 1276 653 1332 appellantur.
721 1275 766 1315 ln
802 1274 898 1316 cod.
927 1273 966 1313 R
999 1271 1112 1312 male
1146 1272 1353 1313 scribitur
1390 1270 1729 1323 addimicantes3

262 1357 303 1398 in
323 1353 542 1397 nonnullis
561 1352 682 1394 libris
705 1351 889 1406 reperiri
912 1351 971 1390 ait
990 1348 1234 1390 Salmasius
1263 1350 1584 1399 commoritura,
1616 1350 1732 1390 unde

264 1435 409 1476 effecit
446 1432 783 1481 commoritur-is,
824 1430 1037 1471 audacius
1070 1442 1180 1470 sane
1219 1443 1361 1484 neque
1400 1436 1503 1483 apte
1534 1430 1589 1469 ad
1618 1438 1732 1471 stru-

263 1522 431 1557 cturam
474 1513 723 1554 verborum.
804 1509 975 1556 Quodsi
1021 1509 1134 1549 enim
1182 1509 1425 1549 subiectum
1467 1509 1731 1559 mutabatur,

261 1593 406 1647 aliquo
437 1598 558 1632 certe
587 1586 805 1631 vocabulo
838 1585 1112 1627 substantivo
1148 1598 1278 1625 unum
1318 1584 1475 1625 animal
1506 1586 1562 1625 ab
1592 1585 1731 1627 altero

263 1669 614 1724 distinguendum
637 1674 746 1708 erat.
781 1663 971 1705 Facilior
999 1662 1223 1717 aliquanto
1251 1662 1498 1704 emendatio
1528 1677 1614 1703 una
1643 1664 1732 1718 syl·

261 1751 362 1791 laba
392 1749 541 1789 addita
571 1746 667 1795 fiet,
707 1743 1073 1799 quemadmodum
1105 1756 1240 1796 supra
1273 1742 1314 1797 ξ.
1336 1742 1376 1783 9.
1408 1743 1587 1797 egregie
1617 1743 1732 1785 Silli-

262 1829 358 1883 gius
381 1841 404 1867 e
423 1826 610 1866 lectione
635 1823 836 1863 codicum
866 1833 979 1874 „per
996 1821 1184 1860 euneta“
1208 1820 1356 1861 effecit
1371 1823 1731 1874 „percunctari‘⁴.

263 1906 377 1955 Quid
410 1904 524 1959 quod
562 1916 615 1944 ea
645 1900 818 1956 syllaba
847 1913 977 1954 quam
1009 1900 1284 1953 requirimus,
1314 1901 1442 1942 adest
1472 1902 1512 1941 in
1543 1903 1640 1944 cod.
1677 1903 1733 1942 d2

262 1987 358 2028 fere
397 1985 580 2037 integra.
656 1980 820 2023 Scribit
855 1978 996 2019 enim:
1034 1992 1068 2017 c.
1098 1992 1131 2019 e.
1162 1978 1379 2018 ἀίυιίεαιίο
1412 1994 1467 2019 ue
1493 1981 1730 2042 uictusque,

263 2078 376 2121 quae
413 2061 616 2103 facillime
659 2059 948 2100 emendantur
986 2058 1026 2097 in
1068 2056 1184 2097 hune
1221 2058 1414 2098 niodum:

458 2139 736 2180 commoritur
764 2151 814 2177 ea
845 2136 1148 2175 dimicatione
1174 2136 1395 2196 victasque
1426 2137 1518 2186 rel.‚

263 2220 305 2260 id
334 2226 404 2260 est
434 2231 520 2258 una
555 2230 654 2258 cum
691 2216 886 2257 dracone
919 2213 1100 2254 moritur
1136 2213 1421 2268 elepliantuS‚
1464 2229 1593 2270 quem
1625 2231 1729 2270 pou-

265 2299 371 2340 dere
401 2295 616 2351 opprimit.

837 2394 900 2443 34
917 2415 968 2437 =
987 2395 1066 2455 12,
1090 2395 1168 2442 12.

332 2501 644 2566 quamobrem
684 2497 732 2544 in
770 2513 935 2545 amnes
972 2514 1160 2545 mersos
1196 2495 1412 2544 insidiari
1456 2497 1727 2546 bibentibus

333 2598 673 2655 coartatosque
708 2589 887 2654 illigata
933 2605 1076 2637 manu
1112 2588 1161 2636 in
1197 2605 1364 2636 aurem
1402 2604 1614 2635 morsum
1647 2588 1728 2635 de-

331 2683 501 2747 figere.

377 2770 651 2824 scripturam
669 2766 891 2822 vulgatam
910 2766 1171 2825 armatisque
1198 2770 1450 2819 corruptam
1473 2772 1597 2807 recte
1628 2778 1729 2808 cen·
