1914 3237
746 150 879 192 Liber
909 150 991 193 VI.
1526 147 1603 188 lll

135 285 294 320 matam
321 279 543 334 perveniri
571 275 728 332 potuit,
757 286 888 329 quum
915 273 1034 315 nullo
1063 273 1241 315 flumine
1269 273 1477 327 regiones
1508 270 1605 312 illas

134 359 307 415 irrigari
339 355 592 400 constaret?
650 354 936 406 Quapropter
963 351 1156 393 ultimum
1189 354 1244 394 de
1263 366 1347 408 quo
1369 351 1504 394 locuti
1535 364 1606 392 su·

135 452 229 478 mus
262 435 521 477 vocabulum
560 432 676 473 haud
715 431 844 472 dubie
881 439 1134 485 corruptum
1172 439 1239 472 est
1274 430 1447 485 syllaba
1483 445 1539 469 ne
1581 442 1605 470 e

135 514 348 568 proxima,
386 527 477 552 nau
509 526 532 553 e
564 511 711 566 priore
744 525 853 552 voce
885 523 997 566 quae
1035 511 1078 550 in
1109 524 1182 550 um
1215 510 1387 557 desinit,
1422 515 1604 557 temere,

132 599 180 632 ut
207 591 393 641 videtur,
425 590 634 644 repetita,
666 598 709 632 et
732 591 848 646 quod
883 590 1097 644 reliquum
1131 596 1199 630 est
1231 588 1347 644 qatio
1376 586 1448 627 vel
1478 586 1606 643 iyatio

133 670 175 710 in
201 671 337 725 spatio
366 670 634 713 mutandum.
697 670 808 718 Quia
843 683 976 724 porro
1008 668 1153 709 alieno
1183 667 1281 709 loco
1313 666 1428 708 haec
1461 666 1605 707 omnia

131 749 297 791 inserta
320 763 422 792 esse
447 750 690 800 docuimus,
721 750 864 804 aptior
893 748 1038 790 nullus
1069 747 1253 801 reperiri
1286 746 1447 801 poterit
1478 758 1607 800 quam

132 829 260 882 spatii
293 830 409 884 quod
442 830 555 870 inter
591 829 763 871 Petram
796 839 839 870 et
870 827 1230 869 Characenorum
1260 840 1443 882 regnum
1471 825 1607 866 inter-

132 907 262 961 iacet,
292 909 546 963 descriptio.
590 909 861 950 Pervenerat
893 916 1039 949 autem
1072 906 1221 963 §.145
1246 905 1407 947 Plinius
1433 905 1606 946 aPetra

131 1001 273 1042 usque
304 988 343 1029 in
378 989 545 1030 medias
577 987 852 1037 solitudines,
885 995 986 1042 post
1025 999 1136 1041 quas
1174 986 1216 1026 in
1252 985 1480 1039 Pasitigris
1510 986 1606 1039 ripa

132 1067 338 1121 oppidum
370 1068 577 1118 nominat,
609 1067 725 1122 quod
760 1076 803 1109 et
832 1068 973 1121 ipsum
1002 1066 1132 1108 sicuti
1145 1064 1363 1106 Thumata
1381 1064 1606 1106 Charace-

130 1159 286 1187 norum
324 1146 418 1199 regi
458 1146 656 1199 parebat.
729 1146 810 1186 Hie
840 1147 985 1200 igitur,
1018 1153 1252 1199 antequam
1285 1144 1447 1199 Tigrim
1480 1144 1606 1184 attin—

130 1233 277 1278 geret,
310 1225 568 1266 Thumatam
602 1239 778 1280 quoque
815 1226 1070 1266 nominasse
1110 1223 1332 1277 putandus
1365 1230 1446 1264 est.
1508 1224 1605 1270 Quo

129 1305 291 1358 posim,
316 1312 359 1344 et
376 1305 412 1345 si
429 1318 507 1359 pro
537 1303 635 1344 abes
664 1304 779 1359 quod
795 1304 836 1345 in
855 1303 1009 1345 ood.R
1032 1309 1193 1352 exstat,
1215 1302 1453 1357 scripseris
1475 1301 1606 1352 abest,

130 1382 230 1424 talis
263 1385 402 1424 oratio
434 1398 580 1425 rerum
614 1384 785 1425 veritati
817 1397 1014 1438 congrua
1047 1383 1229 1424 evadet:

185 1460 237 1502 A
265 1462 398 1502 Petra
436 1462 654 1503 incoluere
687 1462 850 1504 Omani
885 1462 942 1503 ad
973 1461 1214 1503 Characem
1249 1475 1407 1521 usque,
1446 1459 1607 1515 oppidae's

185 1540 405 1602 quondam
435 1541 565 1582 claris
590 1558 614 1582 a
637 1540 927 1584 Semiramide
957 1541 1152 1595 conditis,
1183 1540 1430 1582 Besannisa
1460 1544 1502 1578 et
1531 1536 1606 1580 So-

186 1621 350 1660 ractia:
384 1635 502 1660 nunc
531 1620 916 1661 suntsolitmlines.
947 1620 1070 1660 Dlox
1104 1618 1441 1660 Dumattham
1473 1616 1607 1679 quod

188 1699 331 1740 abest
367 1715 392 1738 a
423 1700 585 1739 Petra
624 1700 673 1740 X
698 1700 904 1740 dierum
938 1699 1110 1753 spatio
1140 1698 1494 1755 neqotz'atores
1523 1695 1605 1736 ‹li-

188 1784 316 1819 cunt
348 1776 800 1819 Characenorum
840 1778 956 1835 reyi
980 1792 1181 1833 parere.
1242 1775 1415 1817 Deinde
1444 1782 1506 1816 est
1537 1790 1605 1831 op-

183 1857 331 1913 pidum
364 1856 477 1916 qnod
510 1855 863 1897 Characenorum
894 1857 986 1914 regyi
1005 1862 1130 1912 paret
1164 1855 1210 1895 in
1237 1855 1462 1912 Pasitiqris
1493 1855 1605 1910 ripa,

186 1935 306 1976 Fora
337 1936 527 1985 nornine,
560 1935 606 1974 in
631 1935 745 1996 qaod
776 1951 802 1975 a
828 1936 962 1976 Petra
993 1934 1258 1975 conveniunt
1280 1932 1608 1995 Characemque

187 2013 290 2054 inde
321 2013 429 2055 XII
454 2014 512 2054 M
531 2029 572 2069 p.
610 2014 801 2055 secundo
831 2020 953 2055 aestu
991 2015 1215 2071 naviymat.
1339 2012 1532 2070 Q‘m‘dam
1567 2019 1608 2053 et

187 2093 275 2132 alia
303 2092 368 2133 II
393 2091 547 2148 oppida
577 2092 712 2150 longis
741 2094 982 2135 intervallis
1023 2094 1143 2150 Tigri
1174 2093 1484 2149 praenaviquri
1515 2098 1603 2132 lra-

186 2171 314 2223 dunt,
347 2169 605 2212 Barbatiam
636 2178 686 2212 et
715 2174 995 2228 Apameam
1026 2171 1101 2213 rel.

241 2252 288 2292 ln
320 2252 684 2294 antecedentibus
720 2266 931 2293 numeros
962 2251 1042 2293 DC
1073 2260 1116 2292 et
1155 2250 1365 2293 CXXXV
1402 2259 1604 2304 transpo-

129 2331 301 2372 nendos
338 2343 441 2371 esse
482 2331 564 2371 iam
599 2331 668 2372 alii
700 2331 1122 2374 animadverterunt.
1185 2330 1314 2378 Quod
1345 2343 1454 2370 vero
1486 2331 1605 2377 Qua·

130 2417 348 2451 tremerus
376 2409 418 2449 in
451 2409 708 2451 doctissima
739 2410 1052 2451 dissertatione
1078 2411 1132 2451 de
1157 2409 1402 2451 Nabataeis
1427 2408 1603 2463 (Diurn.

128 2489 272 2532 Asiat.
293 2487 413 2531 1835.
435 2495 534 2531 tom.
554 2487 792 2544 XV.p.16)
825 2491 963 2531 verba
993 2488 1121 2540 „Huc
1143 2488 1381 2530 convenitss
1414 2489 1468 2528 ‹le
1500 2488 1603 2528 Per-

130 2568 222 2610 sico
255 2568 352 2608 sinn
383 2566 563 2622 intelligi
594 2567 749 2619 voluit,
787 2577 831 2610 et
870 2583 953 2610 usu
982 2568 1187 2622 loquendi
1219 2567 1344 2608 Plinii
1373 2565 1601 2619 refellitur,

129 2646 199 2701 qui
231 2659 343 2687 voce
375 2647 689 2695 „convenire‘2
719 2649 947 2689 terrestria
982 2647 1077 2688 fere
1115 2655 1410 2687 mercatorum
1445 2647 1602 2689 itinera

128 2724 368 2778 significat,
400 2723 456 2766 cf.
474 2725 510 2780 ᾗ.
533 2724 623 2766 145.
644 2733 686 2766 et
714 2726 901 2777 157.a1.‚
944 2734 985 2768 et
1016 2725 1224 2766 universa
1252 2723 1336 2765 loci
1370 2726 1507 2767 nostri
1541 2726 1600 2766 in-

131 2802 230 2844 dole
262 2817 346 2859 quo
377 2804 542 2858 oppida
571 2804 765 2847 Arabiae
794 2805 1012 2846 Petraeae
1046 2805 1367 2848 describuntur.
1427 2804 1599 2845 Petram
