1914 3237
155 690 235 734 597

152 1059 233 1103 598

149 1616 229 1661 599

146 1950 227 1994 600

267 133 348 178 162
816 139 934 178 Liber
968 139 1176 180 XXVIII.

323 268 421 306 Eos
450 268 548 306 haec
576 269 785 307 credamus
813 271 888 309 rite
913 273 1002 318 fieri
1029 273 1224 319 iubere,
1266 278 1349 311 aut
1385 276 1568 312 extranei
1603 276 1721 313 ineer-

319 351 434 384 ventu
468 368 508 374 —
547 347 719 395 adspui?
775 359 1011 397 quamquam
1041 352 1128 388 illos
1155 352 1348 398 reliyione
1387 356 1553 389 mutua
1583 357 1723 390 tuea-

320 428 398 461 tur
429 429 465 461 el
490 424 684 475 fascinus,
715 427 994 474 imperatorum
1025 450 1077 455 —
1107 432 1239 467 custos
1268 430 1335 476 qui
1364 429 1460 466 deus
1487 430 1588 467 inter
1603 440 1724 468 sacra

320 500 502 540 Romana
541 502 756 541 Vestalibus
795 506 936 542 colitur
966 510 1002 542 el
1029 527 1083 532 —
1111 506 1305 555 invidiae,
1345 507 1527 554 iubetque
1561 508 1725 546 eodem

319 580 517 627 respicere
544 581 680 618 similis
701 582 897 619 medicina
927 583 1087 630 linquae
1115 579 1188 621 rel.

870 682 931 729 40
951 702 1009 721 =
1030 682 1122 738 4,8.

328 763 515 813 Morsus
560 764 768 814 hominis
821 767 943 815 inter
978 767 1271 832 asperrimos
1324 783 1520 833 quoque
1558 785 1725 819 nume-

294 881 297 885 ·
328 856 470 900 ratur.

373 938 537 980 Scribe:
568 944 669 981 inter
699 945 938 993 asperrimos
965 956 989 993 q
1000 957 1024 983 u
1036 956 1058 984 ο
1070 957 1089 983 s
1098 957 1121 994 q
1132 957 1156 984 u
1169 956 1200 985 e.

872 1046 928 1092 41
969 1072 1022 1099 Ξ,
1059 1047 1151 1103 4,9,

326 1126 551 1177 Virorum
590 1158 644 1165 -
670 1129 875 1196 capillus
913 1132 1045 1180 canis
1080 1131 1322 1181 morsibus
1358 1132 1647 1182 medetur—
1680 1139 1726 1181 et

326 1217 535 1280 capitum
582 1217 865 1268 vulneribus
904 1248 960 1255 -
999 1234 1027 1267 a
1060 1218 1257 1269 revulso
1309 1221 1461 1279 cruci,
1535 1206 1727 1284 quarta-

328 1304 416 1363 nis,
455 1305 739 1355 combustus
770 1336 828 1341 -—
866 1307 1191 1357 carcinomati.

371 1394 446 1433 hoc
476 1397 627 1434 revulso
657 1392 697 1434 R
754 1408 804 1435 ac
832 1398 986 1435 revulso
1018 1394 1111 1447 Vd,
1169 1395 1418 1447 rectissime,
1447 1395 1472 1436 i.
1505 1408 1540 1436 e.
1572 1409 1636 1437 ac
1664 1409 1726 1436 re-

261 1474 371 1511 vulso
403 1475 514 1511 cruci
546 1471 605 1525 (si
637 1471 747 1512 cruci
778 1472 968 1513 revulsus
999 1471 1126 1512 fuerit
1155 1473 1239 1517 vir)
1274 1477 1490 1523 quartanis.

825 1575 885 1622 43
907 1594 965 1613 =
981 1575 1103 1631 4,1Ο.

323 1659 364 1707 si
400 1658 606 1723 pollices
659 1661 836 1725 pedum
874 1665 1150 1725 pungantur
1194 1675 1380 1725 eaeque
1429 1666 1596 1726 guttae
1652 1677 1727 1711 re-

324 1747 536 1797 ferantur
573 1749 619 1797 in
656 1748 844 1798 faciem.

320 1838 548 1896 seserantur
577 1848 628 1890 R.
657 1862 699 1888 se
723 1851 912 1896 ferantur
939 1848 989 1889 V.
1023 1848 1188 1890 Scribe:
1219 1853 1261 1890 .ςὶ
1285 1851 1472 1898 ferarum·
1500 1852 1540 1889 in
1568 1851 1722 1898 faciem.

844 1930 901 1976 51
926 1950 984 1969 =
1000 1929 1124 1984 4,13.

320 2013 529 2063 Excedit
565 2013 711 2062 fidem
746 2042 807 2050 —--
846 2030 961 2063 cura
996 2029 1091 2078 qua
1126 2015 1301 2064 sordes
1328 2013 1566 2064 virilitatis
1605 2030 1721 2065 con-

318 2107 389 2150 tra
426 2102 739 2166 scorpionum
791 2103 916 2151 ictus
952 2102 1212 2166 singularis
1263 2102 1462 2151 remedii
1501 2102 1719 2152 celeber-

318 2190 420 2237 rimi
453 2195 680 2240 auctores
718 2189 954 2249 clamant3
991 2205 1157 2239 rursus
1179 2191 1225 2239 in
1250 2190 1454 2247 feminis
1493 2205 1613 2254 quas
1651 2191 1721 2239 in-

317 2278 515 2326 fantium
551 2277 662 2328 alvo
701 2279 856 2327 editas
892 2278 938 2326 in
978 2282 1114 2328 utero
1151 2279 1260 2343 ipso
1304 2283 1471 2328 contra
1497 2276 1720 2328 sterilita-

314 2369 407 2413 tem
447 2365 590 2414 subdi
630 2371 860 2429 censent;
897 2366 1171 2416 meconium
1213 2372 1405 2416 vocant.

358 2452 596 2493 Meconium
629 2467 712 2494 non
755 2458 852 2494 ante
881 2458 1046 2508 partum
1091 2455 1133 2494 in
1164 2458 1283 2494 utero
1324 2453 1397 2494 sed
1450 2453 1590 2494 statim
1621 2457 1717 2508 post

248 2533 413 2583 partum
459 2530 525 2570 edi
575 2535 768 2584 constat,
816 2532 867 2573 cf.
898 2532 1076 2572 Aristot.
1107 2531 1163 2572 H.
1196 2531 1322 2572 anim.
1355 2531 1449 2572 VII.
1482 2532 1534 2572 10
1563 2545 1601 2585 p.
1634 2530 1711 2573 587

248 2607 350 2647 Bek.
409 2609 554 2662 Itaque
585 2612 749 2662 turpem
781 2622 964 2649 errorem
998 2614 1040 2650 et
1069 2623 1206 2664 paene
1230 2608 1453 2650 ridiculum
1483 2622 1535 2649 ne
1551 2608 1713 2649 Plinius

248 2685 508 2726 commisisse
539 2684 752 2739 videatur,
793 2687 989 2741 suppleta
1020 2700 1130 2742 quae
1161 2686 1317 2728 excidit
1346 2686 1496 2727 vocula
1527 2686 1713 2728 scriben-

247 2762 345 2803 dum
377 2766 462 2804 est:
514 2777 679 2814 paene
708 2767 746 2804 in
776 2771 887 2805 utero
918 2768 1016 2815 ipso.
