1914 3237
758 190 876 229 liber
907 189 993 228 XX
1001 190 1043 229 V.
1512 235 1523 242 θ
1554 180 1633 224 137

236 319 620 384 conglutinandam
660 347 708 352 —
752 317 959 366 adicitur
995 317 1203 366 decocto
1244 314 1405 363 vinum
1445 329 1502 362 ac
1542 311 1635 360 mel

277 446 285 455 .
326 421 588 470 rursusque
628 405 852 469 coquitur
900 404 946 452 in
985 419 1129 452 aereo
1169 418 1286 451 vase
1322 402 1383 450 ad
1421 401 1634 449 dentium

236 494 436 544 dolores
474 531 485 541 .
523 527 533 541 .

171 581 436 623 ἀποτίθεται
474 580 522 622 δὲ
561 577 609 623 ἐν
638 581 772 638 χαλκῇ
816 580 967 629 πυξίδι
996 578 1138 620 Diosc.
1169 577 1242 619 IV.
1272 579 1345 630 32,
1390 586 1516 632 atque
1560 577 1639 618 hoc

169 660 306 715 ipsum
337 663 538 709 coqitur
568 659 590 699 i.
627 672 661 699 e.
702 658 893 713 coagitur
923 657 990 698 vel
1021 656 1231 711 colligitur
1262 654 1335 706 (cf.
1366 654 1463 696 XX.
1494 656 1541 701 3)
1596 655 1638 695 in

169 735 248 777 cod
278 750 304 777 a
334 737 552 791 reperitur.
610 736 759 792 Neque
791 736 900 776 enim
932 749 1101 787 vereor,
1147 748 1200 775 ne
1229 748 1267 773 v.
1296 748 1436 773 rursus
1468 732 1641 788 vulgata

168 814 293 856 lectio
325 813 495 855 defendi
526 813 730 855 videatur.

607 896 698 943 186
736 897 783 941 ct
822 894 1198 948 187=19‚12o.

170 981 271 1022 nihil
302 980 632 1032 emendandum,
673 979 748 1020 sed
779 979 978 1020 librorum
1009 978 1128 1020 MSS.
1168 979 1395 1019 auctoritas
1424 977 1640 1018 vindican-

171 1060 226 1100 da
256 1059 347 1100 erit.
406 1060 468 1099 Ac
509 1059 688 1113 primum
735 1057 903 1113 quidem
939 1060 1021 1105 feni
1071 1060 1226 1097 ,Graeci
1273 1056 1477 1107 editores,
1532 1058 1643 1104 foeni

171 1137 238 1178 vel
280 1139 390 1185 suem·
433 1135 600 1176 codices
653 1135 872 1177 dederunt.
934 1137 994 1175 De
1035 1134 1198 1176 Graeco
1248 1134 1415 1190 quidem
1460 1134 1644 1190 loquitur

169 1215 345 1265 Plinius,
377 1213 451 1255 sed
474 1213 517 1254 id
533 1227 784 1269 cognomen,
816 1213 928 1268 quod
958 1213 992 1268 ὃ.
1017 1213 1095 1255 184
1125 1218 1402 1268 apposuerat,
1434 1217 1476 1253 et
1505 1211 1572 1254 hic
1603 1216 1644 1252 et

174 1294 363 1348 proximo
396 1292 615 1332 enuntiato
638 1291 855 1332 brevitatis
889 1290 1102 1331 studiosus
1119 1291 1271 1331 omisit.
1303 1289 1470 1331 Deinde
1508 1292 1642 1330 Timon

173 1371 285 1427 quod
306 1372 346 1411 in
362 1370 555 1411 omnibus
566 1369 682 1410 libris
695 1369 848 1424 legitur
865 1369 1021 1424 (lymon
1031 1368 1090 1423 E)
1105 1368 1157 1410 ab
1172 1368 1405 1409 editoribus
1415 1368 1457 1408 in
1477 1371 1643 1408 Damion

172 1454 378 1490 mutatum
410 1454 486 1500 est,
520 1448 717 1503 quoniam
749 1446 851 1488 illud
881 1459 1035 1487 nomen
1062 1447 1105 1487 in
1135 1446 1274 1487 indice
1311 1451 1530 1488 auctorum
1560 1460 1644 1487 non

174 1527 434 1567 invenerant.
492 1525 647 1566 Nescio
679 1539 752 1566 cur
789 1528 986 1566 Theodori
1024 1538 1178 1565 nomen
1220 1525 1262 1565 in
1294 1538 1421 1566 sensu
1453 1525 1644 1580 proximo

174 1604 390 1659 superiore
422 1610 464 1644 et
496 1603 590 1645 XX.
631 1603 702 1646 103
733 1603 1006 1644 illacessitum
1037 1602 1305 1657 reliquerint:
1365 1616 1464 1643 nam
1494 1616 1546 1643 ne
1577 1603 1645 1644 hic

175 1682 343 1738 quidem
361 1683 470 1722 inter
489 1688 682 1722 auctores
701 1685 1066 1722 commemoratur.
1098 1680 1267 1721 Scilicet
1287 1680 1441 1722 medici
1462 1680 1646 1733 fuerunt,

175 1774 353 1815 quorum
386 1760 575 1800 remedia
604 1759 766 1800 Plinius
801 1772 823 1799 e
854 1759 958 1800 libro
990 1759 1134 1799 nescio
1165 1772 1247 1814 quo
1279 1763 1547 1813 cognoverat.

756 1849 916 1897 LlBER
948 1849 1068 1897 XXV.

284 1940 331 1979 In
361 1937 440 1979 hoc
470 1937 575 1977 libro
607 1936 874 1977 emendando
906 1936 959 1976 ad
990 1949 1062 1976 eos
1094 1949 1198 1991 quos
1238 1950 1366 1991 supra
1396 1936 1646 1977 memoravi-

175 2031 267 2057 mus
306 2017 433 2057 libros
472 2015 569 2056 inde
601 2029 625 2055 a
655 2015 692 2069 ἕ.
722 2015 776 2057 30
806 2014 895 2057 cod.
927 2014 986 2066 R,
1030 2015 1100 2069 qui
1139 2015 1182 2054 in
1211 2013 1291 2055 hoc
1333 2014 1503 2069 quidem
1540 2014 1646 2055 libro

176 2094 309 2135 codici
353 2108 377 2135 a
405 2094 615 2134 interdum
649 2092 968 2148 posthabendus
988 2092 1172 2145 videtur;
1203 2092 1246 2132 in
1271 2093 1415 2147 paucis
1440 2092 1647 2147 capitibus

174 2172 266 2213 cod.
302 2173 600 2227 palimpsestus
633 2171 906 2212 Sessorianus
949 2170 1140 2211 accessit.
1200 2170 1237 2223 ᾗ.
1266 2171 1402 2212 4-15
1446 2170 1487 2210 in
1528 2170 1646 2211 chre-

176 2250 548 2304 stomathiap.23ss
567 2263 655 2304 sqq.
688 2249 879 2300 tractavi,
913 2248 954 2288 in
986 2248 1136 2302 quibus
1167 2261 1280 2289 nunc
1307 2248 1385 2302 §.8
1417 2262 1511 2288 cum
1544 2250 1645 2288 lano

176 2328 300 2368 scribi
313 2327 706 2378 malofors,ib.cum
722 2327 762 2367 S.
784 2328 814 2366 I.
827 2328 1138 2378 quadripertitis,
1163 2325 1201 2379 §.
1227 2326 1376 2367 14eum
1401 2326 1486 2368 Sill.
1502 2331 1644 2366 lmllim.

784 2409 842 2454 21
870 2419 924 2439 =
943 2407 1035 2461 3,6.

242 2532 252 2541 .
279 2531 286 2540 .
326 2493 417 2541 nisi
467 2493 590 2541 forte
647 2493 866 2541 confines
930 2507 1118 2541 oceano
1172 2491 1449 2541 Britanniae
1513 2492 1647 2541 velut

243 2582 544 2646 propinquae
584 2581 828 2629 dicavere,

285 2674 398 2709 veluti
412 2673 643 2720 propinquo
680 2668 769 2723 (vel
789 2668 1034 2723 propinque)
1055 2666 1216 2709 Sessor.
1248 2668 1273 2708 i.
1305 2682 1340 2709 e.
1372 2673 1475 2709 velut
1503 2682 1523 2708 e
1549 2680 1645 2717 pro·

172 2750 344 2798 pinque,
387 2753 432 2788 ut
460 2746 600 2787 XXX.
632 2747 678 2798 7,
718 2746 1006 2801 recipiendum
1046 2745 1159 2786 haud
1199 2746 1339 2787 dubie.
1399 2748 1436 2801 ξ.
1468 2747 1520 2788 ‘2:-3
1551 2759 1644 2786 cum

177 2824 256 2864 Vd
287 2839 336 2865 (tc
361 2839 556 2876 praesens
587 2838 668 2866 non
700 2829 755 2864 nd
780 2838 972 2876 praesens
1001 2824 1108 2879 lego.

1670 912 1750 956 529
1810 952 1814 954 ,

1676 2415 1758 2459 530
