1914 3237
311 179 364 223 74
909 182 1028 221 Liber
1057 181 1177 222 ᾸΙΧ.

419 310 730 358 Quaerentibus
771 311 914 365 nobis,
963 311 1172 367 quomodo
1216 312 1398 353 Plinium
1447 312 1499 353 ab
1536 313 1770 354 incredibili

309 400 468 439 errore,
509 400 589 441 quo
627 387 762 442 Cyrus
800 389 1001 444 Assyriae
1042 403 1116 430 rex
1152 390 1326 442 dicitur,
1375 390 1621 442 liberemus,
1659 403 1770 431 unus

308 464 514 519 Apuleius
544 464 654 505 viam
685 470 911 519 monstrat,
951 466 1117 508 codices
1148 467 1258 508 enim
1297 472 1462 508 nostros
1492 481 1514 508 e
1551 467 1656 508 libro
1688 467 1768 508 hoc

309 541 474 597 quidem
514 542 605 583 loco
635 542 885 595 interpolato
928 543 1161 598 descriptos
1194 557 1286 585 esse
1331 550 1480 599 sponte
1508 544 1767 599 intelligitur.

307 618 373 659 Ex
400 618 464 660 his
493 619 618 674 igitur
649 620 817 675 Apuleii
848 621 1007 661 verbis:

360 700 457 738 silue
487 701 794 754 illossqmz‘ramis
822 701 904 738 sive
934 701 1091 749 assyria
1122 701 1282 748 ereaqin
1311 702 1431 749 syriis
1457 702 1554 748 Ῐὲοἰί

391 774 477 816 Sili.
504 775 672 830 egregie
693 774 862 830 quidem
882 775 1023 815 elicuit
1044 779 1233 828 Assyriae
1256 780 1410 828 reama,
1442 775 1519 816 sed
1538 775 1635 816 dum
1655 776 1768 816 codi-

308 866 402 894 cum
433 857 475 894 et
506 853 676 907 Apuleii
705 853 907 894 lectiones
935 856 1094 893 temere
1126 853 1412 894 contaminare
1437 853 1591 906 studet,
1621 867 1658 894 v.
1689 857 1771 894 sive

307 943 416 985 pone
437 945 472 971 v.
492 933 632 981 reqina
654 930 913 985 transposuit
944 934 985 971 et
1013 945 1049 971 v.
1083 935 1184 972 alius
1204 930 1413 972 excidisse
1444 935 1559 972 ratus
1582 934 1708 984 Cyrus
1728 931 1769 972 in

307 1010 435 1060 Syrus
451 1008 640 1049 mutavit.
670 1009 797 1048 Ianus
829 1012 968 1049 autem
997 1009 1224 1063 Apuleium
1253 1009 1452 1063 neglexit,
1481 1009 1524 1049 in
1555 1007 1768 1050 codicibus

308 1088 431 1139 Cyrus
461 1099 483 1127 e
506 1089 636 1139 Syrus
655 1089 895 1140 corruptum
916 1099 1009 1127 esse
1035 1086 1259 1128 arbitratus
1291 1090 1367 1140 est,
1397 1086 1537 1139 credo,
1568 1099 1662 1127 011111
1693 1086 1769 1127 As·

306 1163 443 1219 syriae
473 1177 616 1218 regem
644 1164 786 1204 nescio
817 1176 940 1219 quem
973 1164 1123 1219 Syrum
1153 1163 1383 1219 imperasse
1425 1164 1503 1205 sibi
1531 1164 1767 1219 persuasis-

306 1246 381 1283 set.
435 1239 527 1283 Nos
579 1255 677 1283 vero
717 1243 941 1297 Apuleium
980 1256 1142 1284 summa
1199 1242 1281 1283 fide
1340 1255 1576 1297 sequemur,
1634 1242 1766 1297 Assy-

304 1320 392 1360 riae
434 1320 460 1360 i.
491 1333 525 1360 e.
565 1319 890 1375 Babyloniorum
936 1321 1124 1376 reginam
1164 1320 1405 1361 nominasse
1446 1319 1659 1375 putandus
1705 1323 1768 1361 est

306 1397 534 1453 (Assyriae
554 1398 664 1438 enim
683 1399 851 1439 nomine
869 1399 1147 1454 Babyloniam
1170 1398 1469 1454 comprehendi
1496 1399 1563 1440 vel
1590 1399 1665 1446 VI,
1687 1400 1767 1443 117

305 1479 347 1517 et
378 1475 453 1517 121
486 1475 713 1529 efficitur),
773 1489 949 1532 eamque
988 1478 1157 1518 nomine
1207 1477 1415 1531 appellat,
1471 1478 1589 1518 cuius
1620 1477 1767 1518 ultima

305 1553 467 1609 syllaba
508 1557 566 1594 ris
605 1553 834 1595 etiamnum
878 1559 1036 1596 exstat:
1076 1555 1283 1610 reliquum
1322 1559 1387 1596 est
1426 1560 1471 1596 ut
1506 1556 1662 1610 primas
1706 1556 1767 1596 in-

304 1631 521 1687 dagemus.
578 1633 724 1686 Itaque
756 1645 888 1688 neque
919 1633 970 1673 de
1001 1633 1148 1674 Aroite
1177 1646 1314 1688 neque
1356 1633 1407 1674 de
1437 1633 1622 1674 Amuhia
1650 1632 1763 1688 cogi-

302 1710 381 1751 tari
409 1710 527 1760 licet,
558 1723 684 1765 quam
712 1724 734 1750 e
766 1710 960 1765 Syncello
993 1715 1033 1751 et
1064 1724 1116 1751 ex
1146 1711 1398 1753 Armeniaca
1430 1711 1603 1753 Eusebii
1634 1711 1761 1752 inter-

303 1787 539 1843 pretatione
576 1788 769 1829 novimus
820 1789 893 1844 (cf.
927 1789 1129 1830 Niebuhr.
1177 1803 1319 1844 opusc.
1357 1789 1389 1831 Ι.
1428 1804 1468 1844 p.
1505 1789 1625 1844 208),
1685 1789 1765 1830 etsi

304 1865 483 1906 eandem
512 1865 642 1906 fuisse
672 1871 860 1921 apparet,
892 1880 999 1921 quae
1031 1865 1210 1908 eMedia
1233 1866 1495 1922 Babylonem
1521 1866 1763 1920 advenerat,

302 1943 670 1985 Nebucaclnezaris
709 1958 897 1985 uxorem.
957 1945 1065 1985 Nam
1105 1945 1192 1986 sive
1233 1945 1284 1985 ab
1325 1945 1396 1985 illa
1434 1946 1520 1986 sive
1562 1958 1587 1985 a
1614 1945 1763 1985 marito

302 2022 445 2064 hortos
484 2022 670 2077 pensiles
708 2026 943 2062 exstructos
976 2036 1068 2062 esse
1109 2027 1149 2062 ct
1180 2024 1361 2063 Berosus
1395 2022 1508 2077 apud
1539 2021 1762 2077 Iosephum

302 2102 347 2140 X.
382 2102 431 2142 11
464 2104 505 2141 et
536 2100 746 2141 Diodorus
766 2102 812 2140 ll.
844 2100 896 2142 ‘10
925 2100 1135 2154 Pliniique
1168 2100 1355 2155 aequalis
1386 2099 1555 2140 Curtius
1587 2099 1634 2140 V.
1658 2102 1691 2142 1.
1711 2100 1762 2143 35

301 2178 572 2219 tradiderunt.
632 2178 756 2218 Aliud
814 2178 940 2233 igitur
999 2190 1151 2218 nomen
1198 2177 1618 2233 circumspiciendum
1669 2178 1762 2230 erit,

302 2255 413 2311 quod
459 2256 493 2296 is
535 2256 604 2310 qui
644 2256 685 2295 in
732 2255 868 2296 indice
915 2260 1130 2296 auctorum
1169 2260 1461 2308 enumeratur,
1518 2254 1762 2296 Herodotus

301 2333 334 2375 I.
365 2334 443 2376 185
475 2332 739 2388 suppeditat,
779 2334 980 2389 cuiusque
1011 2335 1146 2388 prima
1187 2335 1326 2375 littera
1356 2348 1449 2374 cum
1482 2332 1762 2388 praecedente

303 2410 505 2452 vocabulo
537 2411 713 2452 confusa
745 2417 894 2453 exstat.
954 2412 1063 2460 Quid
1094 2412 1253 2454 inulta?
1281 2411 1505 2466 legendum
1531 2415 1615 2451 est:

355 2493 437 2528 sive
466 2492 553 2529 illos
582 2492 809 2531 Semiramis
837 2494 917 2531 sive
945 2495 1135 2542 Assyriae
1163 2494 1304 2540 reqma
1336 2493 1562 2530 Nz'locris
1587 2491 1696 2538 fecit.

413 2564 610 2606 Ceterum
642 2567 799 2608 Plinius
829 2569 1047 2622 promissis
1070 2581 1154 2609 non
1187 2567 1314 2620 stetit,
1346 2579 1526 2621 namque
1557 2564 1759 2606 XXXVI.

301 2643 353 2685 94
385 2642 436 2682 (10
467 2643 795 2697 Babyloniorum
827 2645 957 2686 hortis
988 2645 1089 2685 nihil
1118 2644 1272 2695 retulit,
1304 2644 1462 2684 scilicet
1491 2647 1761 2697 praematura

302 2724 433 2761 morte
465 2721 686 2774 quominus
717 2735 821 2776 opus
853 2723 1090 2763 absolveret
1120 2720 1400 2777 praepeditus
1443 2720 1599 2774 Magno
1630 2719 1757 2774 igitur

299 2802 547 2854 argumento
579 2782 747 2853 Apuleii
784 2800 1013 2855 excerptis,
1063 2803 1154 2840 utut
1195 2797 1428 2852 corruptis,
1476 2798 1677 2838 maiorem
1715 2797 1758 2838 in
