1914 3237
716 199 835 238 Liber
864 199 984 237 XIX.
1529 194 1582 237 69

123 332 310 369 mentum
343 327 395 368 de
425 331 606 368 remediis
635 330 879 367 salutaribus
909 326 1139 380 praecellit,
1185 324 1298 380 quod
1326 324 1475 364 litteris
1506 337 1581 363 un-

120 406 294 447 cialibus
326 418 435 446 saec.
468 404 556 444 fere
589 404 766 458 septimo
798 403 997 457 scriptum
1029 416 1053 443 a
1072 402 1277 443 Salmasio
1298 401 1478 456 primum
1509 400 1582 441 ad-

120 483 321 534 hibitum,
367 495 500 535 nuper
543 494 568 520 a
611 480 770 535 Silligio
810 479 889 522 vol.
932 479 982 520 V.
1028 493 1066 533 p.
1098 478 1227 518 XXII
1268 482 1464 519 accurate
1514 477 1584 518 de-

120 560 321 613 scriptum
352 558 509 598 editum
542 563 617 598 est.
674 557 736 598 Eo
770 561 912 598 autem
933 556 1072 611 gravis
1105 556 1195 596 eius
1226 555 1454 596 auctoritas
1488 569 1584 595 con-

120 641 202 677 stat
232 635 344 691 quod
381 635 435 676 ad
474 636 650 694 alteram
700 635 892 676 codicum
922 634 1212 674 Plinianorum
1251 631 1453 672 familiam
1491 645 1585 686 per-

119 714 238 766 tinet,
269 713 386 754 cuius
406 713 559 754 eximia
579 713 808 768 specimina
837 712 879 752 in
908 711 1040 752 Monii
1069 710 1342 765 palimpsesto
1374 713 1416 750 et
1444 710 1487 749 in
1518 724 1586 750 co-

120 791 212 832 dice
226 790 534 845 Bambergensi
561 791 657 831 etin
688 790 779 831 cod.
799 790 838 830 A
869 794 910 830 et
938 789 980 829 in
1000 788 1060 828 D2
1090 791 1258 828 servata
1289 791 1399 827 sunt.
1429 787 1587 828 Maiore

119 874 261 910 tamen
285 869 480 910 cautione
512 882 616 923 opus
636 872 712 920 est,
745 881 838 908 cum
870 871 912 908 et
942 866 1024 907 alia
1053 864 1264 906 interdum
1284 878 1409 920 quam
1428 865 1587 905 Plinius

120 948 371 1003 epitomator
400 950 609 986 structura
638 945 861 987 verborum
880 948 1021 984 utatur
1041 948 1082 984 et
1112 942 1358 983 foedissima
1375 956 1400 983 a
1416 942 1587 983 librario

119 1024 273 1066 menda
288 1023 474 1064 admissa
495 1024 588 1064 sint.
620 1023 769 1077 Itaque
800 1022 879 1062 hoc
910 1020 1146 1076 fragmento
1166 1021 1209 1060 in
1230 1019 1421 1061 lib.XIX
1451 1019 1589 1061 etXX

118 1103 178 1143 ita
206 1102 456 1153 innitemur,
495 1105 541 1140 ut
570 1100 820 1155 gravissima
850 1112 957 1154 quae
987 1098 1044 1139 ibi
1074 1098 1342 1153 reperiuntur
1372 1098 1473 1138 vitia
1503 1111 1587 1138 non

120 1193 328 1231 curemus,
361 1192 411 1219 ea
441 1183 582 1218 autem
616 1191 724 1232 quae
755 1191 779 1218 a
810 1177 959 1218 ceteris
998 1190 1171 1232 prorsus
1203 1175 1371 1217 diversa
1399 1175 1589 1230 praebet,

119 1258 208 1299 fere
239 1255 520 1312 praeferenda
557 1268 650 1296 esse
681 1255 990 1309 intelligamus,
1049 1267 1157 1309 quae
1188 1254 1230 1294 in
1259 1252 1590 1294 chrestomathia

122 1351 160 1391 p.
191 1336 273 1379 230
302 1338 501 1389 excerpta
533 1337 630 1374 sunt
663 1333 721 1373 ibi
751 1337 914 1374 tantum
944 1332 1243 1387 respiciamus,
1290 1345 1384 1372 cum
1414 1331 1590 1371 meliora

120 1426 197 1453 nos
229 1411 379 1452 afferre
410 1416 629 1466 putemus,
690 1424 797 1466 quae
825 1411 891 1452 vel
923 1425 947 1452 a
979 1411 1065 1466 Sill.
1112 1410 1179 1451 vel
1222 1408 1273 1450 ab
1304 1410 1406 1449 Iano
1447 1423 1589 1450 emen-

121 1490 221 1531 data
250 1489 483 1542 videantur,
515 1494 845 1544 praetereamus.
896 1489 961 1529 Ita
992 1490 1027 1543 ξ.
1060 1492 1082 1530 2
1116 1492 1270 1539 aliquos
1300 1491 1412 1528 recte
1443 1501 1468 1527 a
1499 1486 1587 1528 Sill.

123 1568 247 1609 scribi
279 1567 370 1608 cod.
403 1567 462 1607 D2
493 1567 810 1621 comprobatur,
855 1566 1010 1607 ibidem
1042 1570 1078 1619 ξ.
1109 1567 1133 1608 3
1173 1569 1357 1606 Marinus
1403 1565 1588 1606 scriben-

124 1646 223 1686 dum
252 1645 385 1686 videri
416 1645 639 1685 chrestom.
671 1659 710 1699 p.
745 1645 827 1687 230
858 1657 935 1698 ego
968 1644 1194 1696 annotavi,
1252 1656 1470 1683 numerum
1495 1650 1590 1694 post

121 1726 215 1764 XV.
247 1723 445 1777 vulgatae
471 1726 662 1773 proxima
692 1722 787 1763 ideo
819 1722 1011 1777 praetuli,
1043 1721 1155 1776 quod
1183 1721 1377 1762 Valerius
1400 1721 1589 1762 Marinus

122 1815 160 1842 a.
180 1799 475 1842 DCCCXXII.
506 1814 530 1840 a
560 1799 707 1841 Tacito
738 1799 833 1842 hist.
864 1800 916 1841 II.
947 1800 998 1843 71
1031 1803 1406 1852 commemoratur,
1446 1799 1590 1854 itaque

123 1878 362 1934 quindecim
380 1878 500 1919 annis
519 1878 864 1933 postBalbillum,
895 1877 1155 1933 praefectum
1187 1877 1287 1917 anni
1314 1875 1588 1918 DOOOVIH.

122 1956 148 1997 i.
168 1970 202 1997 e.
233 1970 342 1997 anno
355 1955 672 1998 DOCCXXIH.
709 1956 786 2006 (ad
805 1956 1140 2010 Vespasianum)
1173 1956 1216 1996 in
1236 1956 1477 2010 Aegyptum
1496 1968 1590 2009 pro-

122 2034 256 2075 fectus
296 2047 390 2074 esse
420 2034 596 2075 videtur.
639 2034 675 2088 ὃ.
708 2036 734 2076 4
763 2035 890 2075 Ianus
922 2047 944 2074 e
977 2033 1097 2074 codd.
1129 2047 1150 2074 c
1201 2037 1421 2084 (procellas
1452 2039 1514 2085 ut)
1547 2038 1589 2075 et

122 2125 145 2153 e
176 2102 268 2153 T‘d
303 2112 411 2153 bene
457 2112 623 2166 scripsit
648 2117 906 2164 procellasve.
965 2112 1022 2152 At
1053 2113 1088 2166 ξ.
1109 2112 1135 2153 4
1165 2124 1218 2152 ex
1250 2112 1427 2166 Apuleio
1459 2113 1586 2154 corri-

121 2190 260 2246 genda
291 2194 365 2231 est.
398 2189 573 2245 Legitur
601 2190 659 2230 ibi

743 2260 772 2306 4
791 2277 849 2297 =
871 2259 959 2315 1‚1‚

185 2347 385 2396 herbam
423 2362 533 2396 esse
588 2362 713 2411 quae
751 2345 914 2395 Gades
965 2345 1026 2393 ad
1065 2344 1289 2395 Herculis
1336 2344 1588 2395 columnas
1617 2378 1699 2421 332

185 2435 390 2499 septimo
435 2435 512 2484 die
552 2435 734 2485 Ostiam
773 2434 963 2494 afferam
1672 2430 1680 2433 ’

119 2525 170 2562 αἱ)
201 2524 385 2564 Herculis
415 2526 601 2563 columnis
630 2522 837 2578 Apuleius
867 2522 999 2563 multo
1032 2521 1268 2576 elegantius
1299 2520 1440 2562 habet.

730 2635 788 2682 10
805 2647 859 2667 =
883 2634 970 2690 1‚2.

187 2720 285 2771 Sed
325 2721 558 2787 Hispania
596 2721 791 2770 citerior
825 2721 971 2770 habet
991 2719 1303 2785 splendorem
1337 2719 1418 2769 lini
1445 2735 1584 2784 prae-
1612 2747 1692 2790 333

180 2811 374 2875 cipuum
407 2810 636 2862 torrentis
672 2810 721 2858 in
759 2823 855 2874 quo
893 2808 1073 2874 politur
1107 2812 1295 2860 natura.
