1914 3237
734 157 847 197 liber
879 156 1031 195 XXXI
1041 155 1082 195 V.
1555 148 1636 192 217

172 286 247 328 sed
276 290 657 338 commentariaque‚
703 284 816 340 quod
846 285 888 325 in
919 284 954 325 B
985 288 1142 335 exstat,
1175 282 1228 324 ad
1256 297 1293 324 v.
1325 285 1472 322 libellos
1500 285 1636 322 trans-

172 365 390 406 ferendum
421 371 507 416 est,
552 370 598 405 ut
627 362 779 404 medici
818 363 906 403 sive
937 362 1085 403 libellis
1139 366 1356 402 auctorum
1388 360 1475 400 sive
1515 371 1637 413 prae-

172 443 304 497 ceptis
334 443 448 483 nulla
466 447 555 483 arte
572 441 774 494 collectis,
805 424 945 496 qualia
962 439 1072 494 apud
1091 438 1349 488 Marcellum,
1383 437 1637 488 Oribasium‚

173 521 277 561 alios
309 520 518 574 permulta
547 520 825 574 reperiuntur,
872 518 934 559 uti
963 517 1166 558 dicantur.
1224 516 1372 571 Neque
1404 529 1454 555 ear
1484 519 1532 555 iis
1565 514 1640 569 (ex

172 603 204 639 is
234 598 313 638 ΒΜ
363 607 404 638 et
433 601 613 648 expediri
654 596 764 652 quod
803 597 844 636 in
884 595 1077 636 omnibus
1119 594 1234 635 libris
1267 594 1386 635 MSS.
1434 593 1642 648 reperitur

174 682 237 717 est
269 690 342 716 cur
379 684 542 716 mutare
574 688 786 716 conemur.
848 673 1034 714 Medicos
1066 673 1177 712 enim
1229 685 1272 712 se
1322 685 1375 712 ex
1428 670 1641 711 aerumnis

175 755 369 809 curisque
403 753 602 808 expedire
634 758 900 807 aegrotorum
944 750 1156 805 impendio
1187 749 1347 790 Plinius
1385 748 1640 803 indignatur.

176 833 368 888 Denique
400 845 508 886 quae
549 845 573 871 a
604 831 738 885 prima
778 843 905 870 manu
936 831 968 869 Β
1001 842 1102 869 sane
1141 833 1337 882 corrupta
1367 826 1539 868 exhibet
1567 830 1642 866 sic-

175 918 434 960 cenateturet,
464 909 562 950 inde
593 909 707 949 nullo
739 909 908 963 negotio
940 907 1049 947 effici
1080 910 1255 961 apparet
1286 910 1342 946 sic
1372 914 1491 946 vesca!
1512 913 1548 946 el
1567 908 1646 944 uri(

175 1004 230 1030 sc.
263 989 451 1029 miseros.
511 987 575 1028 En
607 987 740 1028 oratio
770 987 902 1027 haece
934 985 1253 1039 elegantissima
1285 983 1488 1038 prodibit:

235 1092 277 1096 ——
309 1075 478 1117 parent
508 1080 568 1117 n.;
611 1070 633 1107 ἐ.
666 1074 689 1105 t.
723 1080 757 1105 ιι.
785 1079 817 1105 0.
851 1066 1175 1104 medicaminibus
1205 1067 1252 1103 iis
1282 1077 1340 1113 aa,
1386 1076 1422 1112 q.
1454 1074 1486 1102 e.
1521 1076 1564 1113 p.
1595 1075 1644 1102 m.

228 1160 258 1186 5.
291 1147 338 1184 Ν.
371 1159 404 1194 q.
441 1148 465 1184 i.
498 1147 537 1183 in
574 1147 723 1183 libellos
753 1146 1240 1193 cammerano-saque,
1277 1154 1310 1181 c.
1351 1153 1412 1181 ex
1449 1143 1512 1180 iis
1543 1153 1575 1179 v.
1606 1153 1649 1178 α.

232 1227 266 1263 le.
301 1236 332 1263 e.
361 1226 386 1264 i.
418 1236 465 1261 m.
497 1225 760 1272 expediri,
793 1235 824 1261 e.
857 1223 896 1261 S.
928 1233 962 1261 ο.
996 1233 1029 1264 c,
1061 1223 1095 1261 I.
1128 1234 1163 1270 q.
1192 1222 1224 1268 s.
1256 1233 1284 1261 e.
1319 1232 1350 1259 e.
1383 1231 1415 1259 c.
1447 1232 1508 1265 m„
1541 1226 1566 1259 l.
1597 1230 1645 1257 m.

231 1316 267 1341 a.
296 1304 328 1348 sl
357 1304 398 1341 S.
427 1305 501 1341 sic
533 1308 680 1341 rescat
712 1308 756 1339 et
788 1303 901 1339 urit.

732 1382 822 1428 109
845 1400 887 1417 =
907 1376 1102 1425 ibidem.
1677 1379 1758 1423 752

248 1468 303 1516 Et
341 1482 542 1530 squama
578 1472 739 1515 autem
778 1470 825 1514 et
868 1465 958 1514 llos
997 1469 1197 1513 uruntur
1230 1492 1289 1499 —
1329 1463 1550 1511 lavantur
1586 1491 1645 1496 ——
1698 1522 1703 1524 Π

245 1561 292 1604 et
331 1570 451 1603 uvas
489 1555 585 1603 oris
621 1555 771 1603 farina
800 1554 994 1603 admota
1027 1551 1166 1608 tollit,
1205 1557 1249 1600 et
1288 1550 1511 1601 tonsillas
1539 1566 1647 1598 eum

244 1643 402 1692 melle.

291 1730 544 1772 Necessario
577 1735 673 1770 tollit
704 1738 739 1770 el
769 1731 809 1770 in
840 1731 1045 1785 pluralem
1093 1733 1262 1769 tollunt
1306 1726 1510 1768 mutanda
1540 1730 1649 1766 sunt.

180 1811 382 1851 Proxima
412 1809 464 1849 ab
496 1808 598 1849 Iano
629 1813 742 1848 recte
775 1807 1100 1862 distinguuntur.

531 1888 867 1943 miz-1228.
922 1886 1003 1947 (de
1042 1884 1288 1934 scolece).
1680 1888 1760 1930 753

245 1976 410 2025 teritur
453 1981 635 2032 autem,
684 1975 844 2023 donec
901 1974 1051 2022 viride
1090 1974 1169 2022 liat
1208 1972 1559 2035 contrahatque
1596 1986 1649 2019 se

246 2062 622 2113 vermiculorum
656 2063 836 2127 specie,
877 2063 1003 2110 uude
1051 2068 1097 2110 et
1132 2076 1325 2111 nomen.
1400 2058 1543 2120 Quod
1583 2059 1650 2106 vi-

244 2153 359 2200 tium
400 2156 447 2199 ut
485 2151 785 2207 emendetur,
826 2151 950 2199 duae
992 2155 1152 2213 partes
1190 2164 1314 2213 quae
1354 2148 1487 2197 fuere
1526 2147 1649 2196 aceti

245 2240 507 2288 miscentur
547 2239 680 2287 urina
716 2239 852 2302 pueri
889 2238 1114 2302 impubis.

290 2326 413 2375 Quod
444 2326 613 2367 tandem
643 2326 818 2367 vitium?
874 2339 1012 2380 neque
1057 2326 1167 2366 enim
1212 2326 1251 2365 in
1290 2324 1460 2365 nomine
1512 2336 1651 2378 neque

180 2406 220 2446 in
270 2405 388 2446 viridi
432 2405 571 2445 colore
616 2404 843 2461 quidquam
894 2405 1003 2445 inest
1047 2403 1160 2459 quod
1190 2401 1536 2458 reprehendatur.
1595 2402 1652 2441 At

181 2484 363 2525 colorem
414 2483 554 2524 nescio
601 2482 700 2537 quid
744 2482 898 2537 ingrati
939 2482 1137 2523 habuisse
1180 2496 1204 2522 a
1236 2480 1485 2521 Dioscoride
1515 2479 1566 2520 V.
1598 2478 1652 2521 92

181 2562 401 2607 docemur,
441 2561 511 2615 qui
541 2558 714 2615 ἐνεργὴς
752 2561 886 2615 inquit
916 2560 962 2601 δὲ
995 2564 1067 2601 καὶ
1109 2560 1289 2614 εὖχρους
1319 2563 1531 2610 γίγνεταιἿ
1572 2554 1651 2599 ἐὰν

183 2640 309 2688 ὄξους
340 2640 421 2691 μὲν
449 2637 559 2696 λάβῃ
589 2640 718 2693 μέρος
749 2637 809 2679 ἕν.
842 2638 975 2694 οὔρου
1007 2638 1056 2679 δὲ
1086 2639 1281 2679 παλαιοῦ
1311 2639 1417 2692 μέρη
1439 2636 1533 2678 δύο.
1568 2636 1649 2675 Ita-

183 2731 263 2772 que
294 2717 422 2758 colori
453 2717 597 2757 vitium
626 2717 766 2756 inesse
787 2716 950 2757 dixerat
974 2715 1136 2756 Plinius
1166 2714 1230 2755 his
1260 2714 1348 2755 fere
1368 2714 1520 2764 verbis,
1543 2726 1650 2767 quae

182 2794 391 2835 excidisse
423 2809 471 2835 eo
504 2803 567 2835 est
597 2794 881 2846 verisimilius,
913 2794 1112 2848 quoniam
1143 2793 1270 2833 etiam
1301 2793 1494 2847 proxima
1522 2791 1650 2833 verba
