1914 3237
705 157 839 197 Liber
869 157 958 199 IV.
1516 155 1572 197 55
1586 182 1587 185 =

91 289 228 324 totum
261 281 397 322 Penei
426 277 616 320 fluminis
646 291 825 320 cursum
858 278 897 319 D
928 279 1085 320 stadiis
1113 279 1365 334 porrigitur.
1421 279 1567 335 Atque

16 378 19 395 ι
88 361 206 403 hanc
232 362 500 414 scripturam
529 357 674 399 11011115
710 358 807 398 6011.
830 355 1072 399 Toletanus
1105 359 1339 400 etiamnum
1368 358 1566 402 exhibet:

89 441 238 496 itaque
280 440 376 479 sine
416 436 547 478 dubio
588 436 846 490 recipienda
882 444 966 478 est.
1028 436 1157 484 Quod
1190 450 1297 478 vero
1328 445 1567 490 praeterea

90 517 276 561 coniecit
313 515 561 559 Salmasius
604 514 682 556 sub
724 515 820 556 luco
861 515 1195 569 comprobatum
1237 514 1340 556 illud
1389 515 1564 570 quidem

89 604 157 638 est
181 597 235 637 ab
254 595 435 637 Heinsio
455 594 512 636 ad
534 594 630 635 Val.
646 594 795 638 Flacc.
814 594 842 639 l.
860 595 903 646 1.,
935 594 1016 638 sed
1049 600 1093 635 et
1118 593 1333 636 refellitur
1363 595 1417 636 iis
1448 608 1562 650 quae

86 688 223 730 supra
253 674 309 715 de
337 673 476 715 verbo
508 672 714 716 allabitur
743 676 885 716 minus
913 682 1017 729 apto
1043 674 1288 715 monuimus
1313 687 1400 715 1166
1432 674 1563 716 etiam

85 753 272 808 simplici
292 753 431 794 verbo
450 753 563 794 bene
580 751 743 794 flumen
772 753 854 794 sub
885 753 988 794 luco
1018 752 1159 794 fluere
1191 752 1415 795 diceretur
1443 754 1563 808 quod

85 833 261 888 perfluit
280 832 439 873 lucum.
480 832 568 873 Iam
591 846 701 873 vero
731 833 876 874 codex
893 831 1133 874 Toletanus
1163 831 1269 886 legit
1294 832 1561 874 rectissime:

84 926 204 953 vero
231 911 362 963 luco,
393 911 511 953 unde
527 925 658 966 quum
677 911 771 951 luce
787 911 1033 953 scriberent
1063 917 1106 952 et
1133 911 1175 952 in
1205 910 1449 966 exemplari
1477 925 1560 954 suo

7 1040 9 1042 Ι
84 980 285 1029 incussu—o
317 987 490 1042 (littera
519 1002 541 1030 s
572 988 792 1043 frequenti
823 1003 976 1030 errore
1008 989 1313 1044 reduplicata)
1345 990 1560 1045 scriptum

5 1051 9 1107 i
71 1068 327 1131 ‘reperirent
355 1067 485 1108 codd.
511 1067 595 1108 ΒΑ
621 1067 797 1109 scribae
829 1068 1090 1109 effecerunt:
1126 1070 1243 1109 intus
1269 1083 1361 1113 sua.
1411 1070 1558 1125 Atque

81 1147 147 1189 sic
189 1145 354 1201 legisse
404 1145 666 1197 Pintianum,
721 1147 846 1188 6111115
892 1160 999 1189 acre
1045 1155 1089 1188 et
1134 1146 1292 1188 subtile
1335 1148 1558 1202 ingenium

80 1226 235 1267 summi
266 1224 517 1266 faciendum
549 1238 655 1266 esse
685 1238 767 1266 usu
798 1225 941 1280 didici,
973 1239 1029 1267 ex
1043 1225 1257 1267 Harduini
1270 1228 1557 1269 annotatione

79 1304 274 1360 intelligo
311 1304 384 1358 (in
416 1303 621 1357 exemplo
659 1304 772 1345 enim
811 1304 1101 1360 Lugdunensi
1134 1304 1253 1347 1569.
1299 1306 1418 1361 quod
1452 1305 1556 1347 mihi

77 1385 134 1425 ad
162 1396 318 1424 manus
351 1388 439 1436 est,
472 1383 724 1437 scripturae
755 1390 921 1425 tantum
951 1384 1149 1426 varietas
1180 1385 1276 1427 cod.
1304 1383 1443 1427 Tolet.
1474 1398 1557 1426 an-

76 1464 289 1518 notatur).
349 1463 439 1503 Iam
464 1476 571 1503 vero
602 1461 708 1503 illud
739 1463 914 1505 dubium
944 1477 1032 1505 non
1063 1470 1145 1517 est,
1177 1477 1232 1505 ex
1254 1464 1411 1505 eodem
1439 1463 1553 1505 libro

75 1543 310 1585 lectionem
355 1542 518 1582 vitreus
555 1541 719 1582 calculo
756 1542 1058 1596 recipiendam
1103 1556 1232 1594 esse,
1283 1543 1409 1584 cuius
1449 1542 1554 1584 1000

78 1623 210 1665 Salm.
235 1628 416 1676 praeter
445 1621 761 1662 necessitatem
791 1620 940 1660 vitreis
961 1620 1137 1661 calculis
1153 1627 1238 1663 etc.
1267 1621 1551 1663 scribendum

76 1715 181 1744 esse
206 1699 515 1756 pronuntiavit.
550 1698 662 1739 Nam
692 1697 858 1740 virides
889 1698 1050 1740 calculi
1077 1713 1134 1741 ne
1164 1707 1347 1754 repertu
1376 1700 1551 1756 quidem

75 1778 229 1822 faciles
262 1779 317 1819 ad
344 1790 486 1833 aquae
519 1777 716 1818 colorem
753 1777 859 1818 nihil
896 1777 1152 1829 conferunt,
1193 1792 1323 1834 quem
1362 1779 1548 1820 vitreum

72 1872 157 1900 nec
186 1858 369 1899 viridem
394 1854 536 1897 fuisse
554 1855 774 1897 vocabulo
808 1858 1023 1915 arqenteis
1051 1859 1141 1898 suis
1170 1858 1301 1913 paulo
1331 1856 1448 1900 infra
1467 1858 1548 1900 Pli-

70 1939 169 1981 nius
199 1938 298 1992 ipse
338 1936 512 1978 indicat.
579 1933 844 1991 Corruptum
877 1944 944 1978 est
972 1944 1118 1979 autem
1145 1938 1189 1979 in
1222 1937 1396 1991 viridis,
1435 1953 1546 1994 quo-

68 2018 183 2059 niam
211 2017 254 2058 in
283 2015 513 2069 superiore
531 2029 665 2057 versu
695 2015 915 2056 viridante
944 2016 1153 2072 legebant
1174 2019 1349 2061 scribae
1367 2020 1545 2062 oculos-

70 2111 154 2153 que
182 2095 277 2138 falli
311 2095 608 2150 patiebantur.
676 2095 892 2136 Proximis
928 2096 1087 2138 deinde
1117 2098 1265 2140 verbis
1295 2099 1335 2154 §
1355 2098 1423 2140 32.
1454 2114 1543 2141 non

66 2175 299 2232 Magnesia
333 2174 430 2216 sola
457 2174 735 2228 describitur,
764 2188 915 2215 verum
947 2188 1070 2216 oram
1097 2174 1254 2231 legens
1274 2177 1440 2220 Plinius
1470 2179 1543 2221 ubi

66 2257 123 2297 ad
155 2254 290 2297 Penei
318 2254 475 2295 ostium
506 2253 722 2308 pervenit,
753 2252 920 2308 reliqua
948 2255 1082 2296 totius
1099 2255 1361 2298 Thessaliae
1377 2258 1543 2312 oppida

64 2335 181 2375 intus
203 2333 478 2374 occidentem
509 2339 553 2374 et
579 2333 805 2374 meridiem
837 2347 998 2376 versus
1028 2334 1112 2375 sita
1142 2344 1385 2388 enumerat,
1416 2338 1477 2379 ita
1495 2345 1541 2380 ut

65 2412 346 2454 Crannonem
374 2412 444 2453 bis
476 2419 802 2453 commemoret.

629 2514 960 2576 49=11‚18.

126 2614 195 2663 Et
207 2614 579 2679 HellespontUS‚
592 2616 710 2677 VII,
730 2623 784 2665 ut
804 2617 929 2666 dixi
942 2635 987 2665 m
1001 2635 1029 2666 u
1043 2635 1082 2679 s,
1103 2617 1272 2667 stadiis
1283 2619 1536 2685 Europam

129 2706 187 2752 ab
203 2705 322 2754 Asia
348 2706 588 2769 dividens,
618 2707 691 2756 lv
712 2708 840 2757 inter
874 2726 929 2758 se
966 2710 1234 2759 contrarias
1271 2712 1420 2760 urbes
1453 2712 1535 2760 ha-

128 2795 211 2842 bet
244 2801 325 2843 rel.

1563 2535 1617 2577 76
