1914 3237
754 176 871 215 Liber
898 177 1030 217 XXX
1037 176 1123 214 VII.
1598 171 1677 213 241

210 305 338 347 verba
367 310 480 347 recte
512 305 565 346 ad
611 305 876 360 vulgatorum
923 304 1211 358 exemplorum
1259 316 1447 343 normam
1496 301 1676 353 reduxit,

210 397 338 424 unum
370 383 491 424 nobis
524 382 836 424 emendandum
868 382 1059 422 relictum
1091 386 1170 433 est,
1202 395 1251 422 ac
1284 381 1422 435 potius
1454 380 1676 421 restituen-

209 461 322 503 dum.
355 460 493 508 Quum
528 462 639 502 enim
670 460 705 501 B
731 474 816 501 non
849 465 895 501 ut
917 459 1004 500 Sill.
1035 460 1163 500 refert
1194 459 1325 499 semel
1347 458 1421 499 sed
1440 458 1502 499 bis
1531 471 1680 499 vocem

210 539 308 592 ,illa‘
339 544 381 580 et
398 545 496 579 ante
515 554 579 581 vv.
599 554 666 592 ,ex
687 539 940 594 margaritis‘
969 543 1010 579 et
1023 542 1119 592 post
1140 550 1211 578 eas
1242 537 1441 592 scriptam
1467 535 1680 587 exhibeat,

207 618 406 673 ‚inquam‘
426 622 567 658 autem
590 618 770 669 omittat,
803 616 1010 657 scribatur
1024 629 1199 657 necesse
1226 616 1309 656 est:
1342 618 1409 655 illa
1439 628 1490 655 ex
1519 610 1680 664 mama-

208 700 307 748 rilz's,
339 699 406 736 illa
422 702 500 745 (sc.
513 695 675 751 priore)
695 698 902 736 severitate
918 698 1019 735 victa
1037 703 1072 734 el
1086 698 1237 735 veriore
1256 697 1442 734 luxuriae
1472 694 1679 743 triztmpho.

273 774 422 828 §.low
455 776 547 815 hmo
578 787 671 814 cum
693 773 728 814 B
761 772 995 815 omittenda
1020 777 1095 813 est.
1126 797 1180 802 —-
1212 771 1314 819 Quis
1344 770 1576 812 consularis
1607 770 1676 810 ille
1707 762 1899 806 818-19

208 852 354 906 fuerit⁷
386 852 504 893 cuius
527 865 680 894 nomen
695 852 730 906 ἓ.
745 852 797 893 ’18
818 852 860 891 in
892 864 992 891 αηιιε
1013 849 1189 891 desiisse
1207 849 1439 904 putandum
1470 853 1536 889 est
1560 851 1680 902 (nam

209 944 337 972 annos
368 935 433 972 est
462 931 505 971 in
534 929 595 982 Β)
634 930 712 971 etsi
744 929 908 969 definiri
938 928 1102 984 nequit,
1153 927 1194 969 id
1227 932 1369 968 tamen
1413 932 1573 968 certum
1616 931 1681 966 est

209 1022 347 1065 neque
378 1009 426 1050 L.
457 1008 644 1049 Annium
695 1020 772 1049 nec
817 1008 860 1049 T.
894 1007 1062 1047 Arrium
1106 997 1260 1058 fuisse,
1306 1005 1358 1046 de
1408 1005 1558 1060 quibus
1592 1003 1680 1046 Sill.

208 1088 422 1143 cogitavit,
454 1100 548 1128 cum
580 1090 754 1141 uterque
786 1085 944 1127 Neroni
975 1089 1192 1139 superstes
1222 1084 1360 1126 fuerit.
1398 1083 1603 1146 Fortasse
1630 1082 1682 1123 de

209 1166 386 1207 Servilio
417 1164 613 1205 Noniano
644 1165 828 1219 loquitur
857 1164 1029 1204 Plinius.
1062 1164 1097 1217 ξ.
1127 1163 1179 1206 19
1199 1167 1354 1203 servari
1381 1161 1528 1202 cumB
1559 1162 1680 1203 omit-

191 1228 385 1286 tendum
416 1251 492 1285 est.
532 1243 568 1296 ξ.
586 1242 639 1285 21
664 1242 755 1282 Iani
787 1241 986 1282 iudicium
1016 1241 1162 1295 probo,
1195 1254 1289 1282 cum
1317 1255 1351 1284 v,
1382 1245 1421 1281 in
1450 1241 1493 1280 in
1522 1239 1558 1280 B
1588 1240 1681 1281 loco

208 1327 325 1362 mota
364 1334 458 1361 esse
496 1319 702 1361 videatur.
764 1319 887 1367 Quod
919 1325 1060 1360 autem
1100 1319 1168 1360 ille
1217 1332 1310 1359 cuin
1353 1318 1513 1373 Silligio
1561 1318 1596 1372 ξ.
1628 1318 1682 1361 22

209 1414 245 1440 v.
287 1402 470 1440 maculae
506 1403 604 1438 ante
639 1402 808 1450 pinques
853 1397 1016 1450 omisit,
1063 1397 1220 1438 codicis
1266 1397 1411 1452 optimi
1455 1396 1681 1437 lectionem

208 1477 318 1518 male
376 1477 538 1529 retulit,
588 1490 683 1517 nam
739 1477 772 1517 is
817 1475 928 1517 idem
974 1475 1086 1531 quod
1125 1475 1273 1530 reliqui
1324 1475 1574 1517 vocabulum
1606 1489 1678 1517 ex-

210 1555 338 1597 hibet.
398 1556 431 1609 ἓ.
464 1556 516 1598 24
562 1569 671 1610 quae
703 1568 727 1596 a
756 1554 791 1595 Β
824 1555 1073 1595 omittuntur
1106 1567 1232 1595 voces
1283 1554 1415 1607 ,iuxta
1453 1556 1678 1608 gemmam‘

206 1639 248 1674 et
276 1633 417 1688 ‚regis‘
462 1633 628 1689 legibus
674 1633 777 1675 artis
817 1637 987 1674 nostrae
1029 1632 1416 1688 obtemperabimus
1461 1647 1555 1674 cum
1602 1647 1678 1674 nos

206 1725 373 1768 quoque
404 1725 711 1767 expungemus.

579 1806 640 1852 25
677 1824 719 1843 =
757 1805 850 1860 2,9.
920 1801 1010 1861 (de
1048 1800 1329 1866 crystallo).
1706 1802 1788 1845 820

272 1889 491 1941 Sudines
523 1895 672 1955 negat
699 1889 791 1939 nisi
827 1890 889 1939 ad
924 1890 1177 1940 meridiem
1198 1891 1533 1956 spectantibus
1558 1891 1677 1941 locis

272 1979 421 2038 nasei,
460 1979 595 2044 quod
633 1984 816 2029 certum
855 1983 952 2040 est;
990 1994 1088 2030 non
1125 1979 1361 2045 reperitur
1397 1980 1444 2028 in
1479 1980 1679 2044 aquosis

270 2067 395 2118 locis
431 2066 517 2117 rel.

262 2156 384 2209 Iuba,
415 2156 921 2209 Bocchus‚Xenocrates,
954 2155 1134 2198 Sudines
1166 2169 1274 2212 quae
1305 2156 1356 2197 de
1378 2157 1575 2212 crystallo
1594 2162 1676 2198 tra—

208 2234 416 2288 diderant,
452 2247 503 2276 ea
518 2234 681 2276 Plinius
714 2235 773 2276 sic
795 2234 924 2275 refert
955 2239 999 2275 ut
1030 2240 1169 2276 utrum
1201 2248 1300 2276 vera
1331 2235 1414 2276 sint
1444 2249 1521 2277 nec
1552 2249 1605 2277 ne
1636 2237 1677 2276 in

207 2313 347 2354 medio
377 2313 601 2369 relinquat,
641 2312 754 2369 quod
787 2313 972 2354 omnium
1004 2326 1216 2355 consensu
1247 2318 1442 2355 constare
1473 2313 1679 2367 videatur,

207 2408 231 2434 a
262 2392 471 2447 prioribus
505 2392 732 2433 discernat.
779 2391 927 2447 Itaque
958 2393 1016 2433 ita
1046 2393 1178 2434 oratio
1210 2392 1549 2447 interpungenda
1579 2394 1677 2434 erit:

263 2497 310 2502 -
345 2476 468 2513 nasei.
530 2473 644 2519 Quod
672 2478 820 2512 certum
849 2479 917 2521 est,
950 2484 1029 2512 non
1060 2477 1259 2523 reperitur
1289 2471 1362 2512 rel.

570 2552 924 2608 30,31=2,11.
968 2550 1057 2610 (de
1095 2551 1314 2611 sucino).
1706 2548 1783 2591 821>

272 2669 329 2675 -—
369 2639 417 2686 in
453 2638 636 2687 sucinis
686 2653 881 2687 causan]
920 2654 978 2687 ne
1030 2639 1235 2688 deliciae
1283 2639 1479 2704 quidem
1517 2639 1678 2689 adhuc

274 2727 558 2792 excogitare
596 2732 886 2792 potuerunt;
924 2729 1122 2779 occasio
1161 2733 1236 2778 est
1276 2730 1500 2779 vanitatis
1531 2728 1679 2779 Grae-

274 2831 441 2866 corum
489 2817 814 2881 detegendae.
887 2816 1134 2882 Legentes
1169 2819 1317 2868 modo
1373 2834 1531 2883 aequo
1572 2835 1680 2884 per-

1347 2907 1401 2950 16
