1914 3237
704 192 823 232 liber
853 192 1012 231 XXVI.
1517 187 1597 231 147

133 326 199 363 est
228 320 341 377 apud
373 320 565 364 Dioscor.
596 319 672 362 HI.
703 320 757 363 48
794 318 889 362 ἔστι
920 320 970 361 δὲ
999 323 1072 361 καὶ
1114 319 1362 373 σύγχρισμα
1404 316 1600 372 ἶσχιάδος

132 412 317 456 panaces
357 398 400 440 et
427 398 501 440 IV.
532 399 558 441 8
586 397 742 453 ταύτης
776 397 1088 452 (polemoniae)
1141 394 1164 452 ἡ
1205 395 1300 453 ῥίζα
1340 401 1517 439 πίνεται
1548 430 1557 439 .
1590 428 1599 437 .

133 477 245 534 πρὸς
275 509 284 518 .
316 509 324 518 .
357 474 535 529 ι’σχιάδα
575 474 674 530 μεθ’
706 474 879 524 ὕδατος.
940 474 1162 529 Sequitur,
1210 475 1341 516 verba
1392 475 1451 516 sic
1506 487 1600 516 esse

134 553 436 610 distinguenda
449 566 457 593 :

184 644 344 685 panace
368 638 464 683 poto
495 638 532 671 et
561 632 763 683 infricata,
789 634 1016 682 polemonia
1049 635 1126 673 etc.

707 745 769 791 90
809 759 852 777 Ξ
893 743 1018 799 8,58.
1632 749 1711 794 557

197 828 344 880 Sedis
379 828 496 878 vitia
533 868 544 879 .
582 866 594 879 .
632 827 884 878 celerrime
930 834 1069 877 sanat
1106 826 1363 893 plantago,
1414 827 1602 891 condy-

197 917 377 969 lomata
412 915 820 981 quinquefolium,
873 917 1045 966 sedem
1090 931 1380 966 conversam
1439 913 1604 980 cycla-

197 1006 312 1055 mini
348 1005 486 1054 radix
525 1021 585 1054 ex
621 1011 779 1055 aceto.

214 1097 373 1135 sedeam
409 1097 505 1143 (sed
536 1107 621 1134 eam
650 1092 713 1147 V)
748 1107 974 1135 conversam
1009 1093 1045 1133 V
1074 1093 1147 1135 R1.
1179 1096 1336 1133 sedeam
1369 1096 1601 1133 calumniam

129 1186 359 1215 conversam
389 1184 438 1225 a,
476 1174 635 1212 sedeam
667 1175 902 1213 calumniam
931 1171 1010 1212 R2.
1071 1170 1263 1212 Vocabul
1293 1174 1603 1211 uma-alumniam

131 1250 243 1307 quod
273 1249 466 1292 codicum
499 1248 602 1291 aR2
637 1262 849 1291 consensu
881 1249 984 1290 satis
1015 1250 1222 1302 munitur,
1275 1249 1327 1290 ab
1373 1247 1602 1289 editoribus

132 1329 242 1370 male
271 1328 512 1384 neglectum
543 1331 629 1381 est,
662 1341 684 1369 e
717 1327 1001 1382 descriptione
1033 1326 1306 1383 quinquefolii
1336 1325 1448 1382 apud
1474 1326 1602 1366 Dios-

129 1406 316 1449 coridem
344 1406 419 1447 IV.
450 1407 503 1449 42
548 1405 780 1463 τραύματα
811 1430 865 1436 -
895 1404 1015 1448 ἰᾶται
1056 1405 1169 1446 nullo
1201 1405 1373 1460 negotio
1407 1403 1601 1446 emenda-

133 1485 244 1527 bitur
273 1485 345 1526 ubi
375 1484 615 1540 scripseris:

185 1566 465 1616 condylomata
495 1564 802 1615 quinquefolium
832 1575 890 1604 ac
918 1567 1152 1615 vulnera,
1183 1565 1312 1604 sedem
1342 1567 1421 1604 etc.

239 1641 389 1684 Obiter
418 1654 570 1683 moneo
601 1640 639 1695 ἕ.
671 1640 725 1683 98
754 1645 870 1681 etiam
905 1645 940 1681 si
971 1642 1196 1696 separatim
1238 1641 1462 1683 scribenda
1491 1654 1600 1694 esse,

129 1734 202 1761 ma
212 1723 290 1772 qis
318 1724 414 1776 post
443 1734 481 1760 v.
513 1722 616 1759 adeo
656 1718 917 1774 probabilius
960 1719 1087 1759 inseri
1119 1733 1245 1774 quam
1277 1725 1375 1761 ante
1407 1720 1601 1775 eandem,

134 1811 263 1854 quum
292 1797 525 1854 particulae
555 1802 596 1839 si
625 1797 778 1838 vicinia
802 1796 1048 1852 absorptum
1080 1811 1174 1839 esse
1206 1797 1410 1839 videatur.

677 1891 770 1938 108
804 1906 865 1932 ==
905 1891 1058 1946 11‚68.
1633 1881 1715 1924 558

200 1975 444 2032 Geranion
499 1974 646 2040 aliqui
690 1977 896 2040 myrrin‚
945 1974 1024 2025 alii
1072 1975 1278 2041 myrtida
1329 1976 1602 2042 appellant;

200 2063 368 2114 similis
406 2068 479 2113 est
521 2064 735 2124 cicutae,
789 2064 1128 2114 minutioribus
1183 2063 1312 2114 foliis
1366 2071 1413 2114 et
1464 2065 1603 2115 caule

199 2152 416 2211 brevior,
448 2152 680 2212 rotunda,
718 2152 908 2217 saporis
945 2156 993 2202 et
1030 2152 1197 2203 odoris
1233 2153 1449 2204 iucundi.

245 2241 375 2284 Foliis
406 2244 448 2282 et
478 2240 598 2281 caule
630 2240 852 2295 descriptis
883 2240 984 2296 quid
1018 2241 1190 2283 tandem
1224 2243 1384 2284 restat?
1441 2242 1605 2298 Nempe

135 2319 321 2360 radicem
358 2318 452 2360 loco
492 2318 703 2359 simillimo
742 2318 1016 2360 Dioscorides
1046 2320 1119 2361 IV.
1151 2321 1232 2363 114
1281 2321 1341 2362 ita
1384 2319 1605 2363 describit:

137 2395 263 2453 ῥίζαν
291 2397 341 2438 δὲ
371 2395 461 2450 ἔχει
491 2421 543 2427 ——
572 2400 803 2453 περιφερῆ,
832 2397 984 2453 εὐώδη,
1016 2396 1169 2453 ἢδεῒαν
1198 2402 1440 2456 βρωθῆναι.
1472 2400 1606 2440 Mani-

137 2474 293 2516 festum
322 2474 449 2529 igitur
479 2475 625 2516 vitium
656 2475 819 2530 corrigo
852 2475 1040 2518 scribens

191 2556 374 2595 radice
402 2556 576 2595 rotunda
604 2557 766 2605 saporis
796 2557 875 2595 etc.

687 2646 779 2694 110
816 2668 865 2689 =
905 2647 1060 2705 11,68.
1639 2663 1719 2706 559

206 2730 557 2797 phagedaenis
595 2732 746 2796 [quod
782 2748 961 2784 nomen
996 2735 1103 2784 sine
1123 2735 1270 2786 modo
1293 2736 1608 2786 esurientium

207 2825 295 2878 est,
333 2819 453 2870 alias
492 2820 726 2880 ulcerum}
763 2821 1000 2886 tithymali
1038 2824 1310 2873 medentur.

1298 2912 1385 2954 10*
