1914 3237
709 195 829 234 Liber
859 193 1002 234 XVII.
1525 188 1577 230 41

120 333 289 367 tractum
321 323 411 366 cod.
444 337 490 377 a,
521 322 633 364 unde
663 321 826 362 facilius
855 323 901 362 fit
931 328 1080 361 tractus
1110 334 1164 363 sc.
1197 319 1397 374 singulos.
1437 320 1474 373 ξ.
1513 318 1585 361 [92

119 409 232 445 recte
272 403 492 444 Pintianus
533 408 680 441 exacta
721 400 763 439 in
804 406 978 439 exacuta
1018 398 1217 450 mutavit,
1265 397 1313 438 cf.
1349 397 1585 438 Columella

122 482 170 522 V.
187 482 224 525 6.
257 484 294 533 ξ.
328 480 405 522 193
436 480 564 519 Ianus
594 477 748 518 rectius
779 480 853 516 hos
884 489 1009 531 quam
1043 475 1129 516 Sill.
1162 488 1228 514 eos
1259 479 1307 515 de
1336 477 1410 525 his,
1443 473 1584 514 malim

119 564 260 600 tamen
291 570 357 597 eos
383 555 579 597 scribere.
627 555 662 608 ξ.
685 554 766 597 200
788 558 993 604 elevantur
1019 552 1169 604 scribo,
1201 551 1322 592 codd.
1353 556 1586 604 reassumam

120 636 207 677 Sill.
237 622 327 676 lan.
359 647 381 674 e
415 632 660 674 Schneideri
690 632 934 694 coniectura
964 635 1174 682 eliquntur.
1207 630 1444 683 Praecepta
1475 629 1586 669 enim

123 712 384 755 Columellae
414 711 464 754 V.
496 711 521 754 6
553 714 813 766 repetuntur.

668 820 759 868 201
783 838 841 858 =
858 820 1017 876 2335.
1617 836 1698 880 325

185 915 246 966 Et
281 915 440 963 ulmus
478 914 764 962 detruncata
812 913 974 963 media
1008 913 1057 961 in
1102 926 1344 961 ramorum
1391 925 1591 959 scamna

187 1004 433 1068 digeritur,
473 1001 606 1051 nulla
640 1002 741 1051 fere
779 1001 865 1051 XX
910 1002 1089 1067 pedum
1128 1000 1298 1049 altiore
1335 998 1524 1048 arbore.

229 1091 461 1132 Numerum
509 1091 687 1130 alterum
732 1089 817 1130 XX
860 1103 882 1130 e
920 1089 1180 1130 Columellae
1224 1088 1317 1129 loco
1357 1089 1406 1127 V.
1438 1088 1463 1130 7
1507 1086 1589 1127 iam

120 1169 341 1212 Pintianus
373 1167 613 1208 emendavit
649 1167 744 1220 XV,
777 1168 955 1208 alterum
987 1181 1009 1208 e
1041 1166 1258 1208 codicibus
1289 1165 1391 1206 Mss.
1424 1164 1591 1205 elicien-

122 1248 218 1289 dum
245 1246 422 1302 reliquit.
456 1245 525 1286 Sic
549 1245 659 1285 enim
680 1245 763 1286 illi:
802 1249 1059 1286 itzlramorum
1081 1258 1118 1298 a,
1149 1248 1254 1285 intra
1282 1257 1482 1284 ramorum
1514 1242 1548 1282 T
1567 1241 1592 1282 d

121 1327 145 1367 i.
177 1340 212 1367 e.
243 1329 283 1366 in
314 1328 429 1365 trium
459 1337 673 1366 ramorum.
740 1323 1042 1378 ‚Ple1·umque‘,
1076 1322 1311 1364 Columella
1340 1322 1496 1376 inquit,
1528 1333 1594 1373 ‚ea

123 1404 248 1445 arbor
277 1403 318 1444 in
349 1407 434 1443 tres
465 1416 605 1443 ramos
637 1401 862 1444 dividiturf

688 1520 779 1566 211
801 1533 852 1552 Ξ
869 1519 1028 1575 2335.
1623 1543 1704 1587 327

192 1619 463 1668 Traducem
515 1617 695 1667 bimum
742 1617 1026 1682 praecidere
1081 1615 1329 1675 solebant3
1383 1610 1596 1663 oneratis

192 1707 318 1757 enim
358 1709 598 1754 vetustate
637 1705 812 1755 melius
850 1706 1033 1755 donare
1070 1709 1288 1769 tempUS‚
1340 1707 1389 1751 ut
1422 1699 1598 1748 transi-

192 1794 285 1844 lem
324 1794 528 1853 saciant,
592 1794 639 1842 ni
677 1793 908 1858 largiatur
958 1793 1258 1855 crassitudo3
1311 1790 1431 1839 alias
1480 1786 1595 1837 utile

193 1888 330 1933 toros
366 1882 509 1930 futuri
547 1882 774 1932 draconis
812 1881 962 1946 pasci.

235 1971 382 2012 Talem
412 1970 550 2011 locum
581 1969 668 2011 Sill.
701 1974 744 2010 et
774 1971 901 2010 Ianus
929 1969 1151 2021 dederunt,
1181 1967 1248 2009 hic
1279 1971 1420 2008 tamen
1452 1970 1599 2006 contra

128 2048 295 2091 codices
327 2049 540 2103 vulgatam
570 2048 795 2089 lectionem
827 2051 862 2088 si
890 2047 1083 2088 servavit.
1114 2048 1160 2087 In
1193 2059 1275 2101 quo
1306 2046 1428 2101 plura
1459 2044 1598 2099 displi-

127 2132 242 2169 cent:
275 2127 456 2182 primum
473 2125 781 2181 imperfectum,
815 2126 880 2167 cui
899 2125 997 2166 inde
1017 2139 1041 2165 a
1067 2139 1104 2165 v.
1122 2128 1258 2166 melius
1287 2124 1371 2165 alia
1389 2121 1597 2178 quaedam

127 2205 234 2246 ratio
267 2205 502 2259 eademque
532 2204 788 2258 probabilior
819 2204 976 2258 opponi
1007 2202 1187 2255 videtur,
1230 2201 1383 2243 deinde
1415 2200 1599 2242 vocabu-

127 2284 209 2324 lum
243 2287 439 2323 (ransilem
472 2295 550 2322 nec
581 2282 689 2323 bene
720 2280 946 2322 formatum
980 2294 1118 2336 neque
1151 2293 1231 2320 usu
1262 2279 1600 2334 comprobatum,

130 2360 280 2416 quibus
312 2360 476 2401 accedit
514 2364 556 2400 et
598 2358 789 2400 codicum
822 2359 1026 2411 varietas,
1071 2358 1141 2400 ubi
1182 2372 1266 2399 non
1311 2361 1486 2398 oneraris
1525 2355 1600 2397 sed

130 2446 271 2478 onera(
290 2438 456 2492 legitur,
488 2442 529 2478 et
560 2437 820 2479 Columellae
850 2440 1124 2491 praeceptum
1163 2435 1212 2478 V.
1238 2436 1263 2479 6
1292 2450 1389 2491 pag.
1420 2435 1502 2477 220
1532 2433 1598 2476 ed.

129 2516 299 2572 Bipont.
362 2516 494 2558 Cuius
538 2515 668 2556 verba
713 2529 820 2568 ‚cum
868 2514 1021 2555 deinde
1053 2513 1174 2554 annis
1223 2518 1264 2554 et
1308 2513 1459 2554 robore
1503 2512 1600 2554 vitis

130 2594 377 2647 ,convaluit‚
421 2593 618 2634 traduces
665 2593 708 2633 in
750 2593 986 2648 proximam
1017 2604 1228 2648 quamque
1272 2591 1466 2633 arborem
1505 2591 1600 2632 mit-

131 2672 312 2725 ,tendae,
344 2685 501 2727 easque
533 2676 628 2726 post
656 2671 871 2712 biennium
902 2674 1134 2725 amputare,
1167 2670 1291 2710 simul
1322 2673 1448 2725 atque
1480 2668 1598 2724 (fort.

130 2750 377 2805 ,simulque)
412 2750 516 2790 alias
545 2749 777 2790 teneriores
817 2748 1102 2789 transmittere
1133 2748 1352 2801 convenit,
1403 2761 1500 2788 nam
1531 2760 1600 2787 ve-

131 2832 301 2881 ,tustate
343 2828 472 2869 vitem
509 2827 705 2882 fatigant‘
745 2825 859 2867 haud
898 2825 1025 2867 dubie
1062 2839 1088 2867 a
1117 2825 1251 2867 Plinio
1290 2825 1586 2881 respiciuntur.
