1914 3237
752 157 884 200 Liber
917 159 969 201 V.
1545 156 1601 198 79

235 284 299 326 De
331 284 504 326 duobus
545 280 795 324 fluminibus
824 282 974 323 verba⁴
1002 281 1158 325 facere
1195 282 1379 324 Plinium
1408 287 1599 332 constat,

121 377 307 418 quorum
338 362 665 405 confluentibus
691 359 1150 416 magnusEuphrates
1173 361 1366 403 efficitur
1393 361 1476 417 (cf.
1495 361 1600 403 For-

119 443 246 497 biger
263 442 427 497 Geogr.
445 448 534 482 ant.
553 440 641 481 vol.
661 439 716 482 11.
735 453 774 493 p.
788 438 882 493 69).
924 439 1144 488 -Quorum
1176 440 1364 483 alterum
1396 456 1420 483 e
1455 449 1602 483 monte

118 523 216 564 Aba
239 523 390 576 (quem
402 521 640 562 Araratem
658 532 776 560 nunc
792 518 1061 574 appellant),
1092 518 1277 561 alterum
1308 534 1332 562 e
1356 528 1503 563 monte
1522 521 1603 563 Ca-

118 593 225 656 pote
252 599 295 641 id
328 607 397 641 est
427 613 483 641 ex
513 583 567 641 eo
599 598 734 652 Tauri
764 597 866 654 iugo
899 598 1093 653 prossuit,
1126 599 1244 654 quod
1275 599 1417 653 magis
1448 600 1505 640 ad
1534 614 1603 641 se-

118 679 412 735 ptentrionem
443 684 633 733 spectat.
696 677 912 733 „Scythis
941 670 1225 732 proximum“
1263 685 1394 720 vocat
1424 677 1604 722 Solinus

111 759 157 802 c.
174 758 249 800 40:
281 756 577 813 „Scytliinis“
608 756 763 798 melius
793 758 993 799 dixisset.
1052 757 1268 813 Loquitur
1297 758 1410 799 enim
1436 753 1495 800 ¹de
1527 773 1602 814 po-

117 837 221 892 pulo
238 851 365 893 quem
382 836 654 892 Chalybibus
676 836 865 878 vicinum
884 851 988 879 esse
1007 836 1447 892 tradiditXenophon
1461 836 1603 882 Anab.

119 915 308 960 lv.7.18
328 915 406 970 (cf.
418 915 677 973 Forbig.l.l.
693 915 861 972 p.601).
899 917 1121 958 lam-svero
1143 915 1440 959 Cal-enitidem
1462 917 1604 973 ipsam

121 1003 165 1037 et
187 996 445 1037 Xerxenen
472 997 553 1049 (ita
569 997 681 1038 enim
700 996 818 1038 haud
840 998 969 1039 dubie
992 996 1228 1053 legendum
1252 1004 1322 1038 est
1343 1010 1440 1038 cum
1461 998 1606 1041 Sti-ab.

119 1075 243 1129 XLp.
255 1074 354 1124 528,
370 1067 442 1129 qui
462 1075 592 1115 etiam
608 1073 920 1131 Cambysenen
938 1077 980 1117 in
998 1076 1148 1117 ultima
1157 1076 1368 1118 Armenia
1385 1078 1605 1135 nominat)

118 1143 162 1195 in
192 1166 245 1194 ea
269 1152 510 1194 Armeniae
534 1161 662 1208 parte
692 1153 801 1195 sitas
831 1155 972 1197 fuisse
998 1156 1131 1196 tradit
1155 1154 1318 1197 Strabo
1343 1154 1368 1198 l.
1398 1156 1426 1201 l.
1444 1187 1458 1208 ‚
1492 1172 1606 1214 quae

121 1248 149 1274 a
176 1231 483 1288 septentrione
515 1232 793 1274 occidentem
825 1247 985 1275 versus
1017 1234 1265 1290 Chalybum
1299 1242 1342 1277 et
1365 1236 1608 1292 Mosynoe-

123 1326 275 1354 corum
302 1310 450 1353 vicina
478 1309 621 1353 suerit.
665 1309 794 1352 Hanc
823 1298 932 1354 vero
952 1312 1129 1355 Zimara
1161 1313 1386 1370 aliquanto
1419 1317 1607 1373 amplius

122 1391 204 1433 ΧΠ
235 1390 321 1432 mil.
355 1403 476 1445 pass.
505 1388 705 1431 abfuisse
736 1389 971 1433 itinerariis
1003 1393 1262 1434 ostenditur.
1319 1395 1366 1435 In
1396 1395 1606 1439 Antonini

110 1465 236 1512 ‘enim
267 1468 495 1511 Itinerario
525 1483 565 1523 p.
582 1467 679 1519 207,
711 1484 898 1524 quocum
931 1473 1154 1513 consentit
1179 1472 1276 1515 fere
1291 1473 1462 1517 Tabula
1495 1477 1607 1519 Peu-

123 1549 387 1606 tingeriana,
420 1548 575 1590 Satala
606 1547 843 1592 Melitenes
875 1551 1085 1606 oppidum
1118 1565 1144 1593 a
1163 1553 1335 1594 Zimara
1365 1553 1504 1597 CXLI
1524 1557 1607 1601 mil.

124 1642 246 1685 pass.
265 1629 417 1670 distat:
449 1629 607 1683 quibus
630 1630 666 1669 si
686 1629 914 1672 addideris
943 1631 1134 1685 spatium
1162 1631 1281 1673 haud
1314 1633 1607 1678 multominus

124 1723 211 1764 quo
245 1707 398 1750 Satala
419 1709 474 1748 ab
492 1707 733 1762 Euphratis
762 1704 958 1751 sontibus
991 1710 1262 1765 dirimuntur,
1293 1711 1484 1755 efficitur
1513 1722 1608 1757 tan-

127 1795 197 1830 tus
229 1801 355 1829 error
385 1787 425 1826 in
456 1786 656 1827 itinerum
687 1801 911 1836 mensura,
943 1789 1117 1844 qualem
1139 1789 1302 1830 Plinius
1322 1793 1396 1846 qui
1412 1793 1607 1836 Muciani

129 1867 468 1911 commentarios
501 1874 602 1906 ante
625 1865 783 1908 oculos
812 1866 1000 1909 haberet
1031 1876 1074 1909 et
1102 1867 1175 1908 Vl.
1211 1868 1277 1910 23.
1312 1879 1413 1926 post
1443 1871 1607 1916 Corbu-

127 1949 241 1991 lonis
276 1944 602 2001 expeditionem
633 1946 915 1988 accuratiora
944 1960 995 1989 se
1027 1948 1082 1989 de
1102 1948 1214 1989 Asia
1245 1951 1478 2004 superiore
1507 1968 1608 2008 pro-

52 2047 54 2059 >
128 2027 247 2070 ferre
266 2039 395 2082 quam
411 2031 586 2066 veteres
614 2023 897 2080 gloriaretur,
930 2028 1203 2069 committere
1220 2042 1307 2070 non
1327 2030 1482 2085 potuit.
1516 2032 1610 2074 Sci-

54 2145 55 2151 ,
127 2107 232 2149 licet
259 2105 422 2147 accidit
451 2103 523 2146 hic
554 2105 672 2160 quod
699 2105 881 2160 saepius
902 2104 1067 2147 factum
1087 2115 1168 2157 est,
1199 2114 1245 2148 ut
1266 2123 1474 2153 numeros
1506 2126 1610 2168 quo-

54 2195 57 2238 ’,
127 2200 222 2228 rum
252 2185 336 2227 vim
360 2197 415 2225 ac
446 2184 661 2226 rationem
690 2185 833 2226 minus
865 2193 1148 2239 perspectam
1180 2185 1413 2244 haberent,
1445 2191 1610 2234 descri-

128 2265 274 2307 bendo
307 2264 485 2305 scribae
518 2264 736 2318 vitiarent,
767 2263 1091 2319 legendumque
1124 2266 1227 2307 erit:

440 2368 494 2374 —-
524 2357 658 2398 supra
687 2343 915 2384 Zimaram
946 2341 1156 2385 CCXII
1187 2345 1245 2386 M
1263 2360 1303 2401 p.

244 2442 364 2500 §.82
395 2457 477 2497 pro
518 2442 653 2485 Uram
687 2445 971 2486 scribendum
1004 2454 1072 2487 est
1101 2444 1285 2499 Suram,
1319 2463 1405 2504 quo
1436 2450 1610 2492 nomine

59 2566 62 2588 a
133 2531 177 2565 et
205 2523 320 2564 infra
352 2523 389 2579 ἓ.
405 2521 471 2563 89.
505 2529 548 2563 et
579 2536 604 2563 a
641 2523 898 2565 Ptolemaeo
930 2523 984 2566 V.
1011 2525 1076 2566 15.
1093 2526 1159 2567 525.
1192 2527 1401 2582 oppidum
1437 2530 1495 2569 ad
1528 2529 1610 2571 Eu-

59 2591 62 2630 ῗ
132 2602 334 2658 phratem
363 2602 493 2643 situm
526 2602 792 2657 appellatur,
824 2603 861 2660 §
877 2603 942 2646 90.
977 2618 1074 2646 cum
1105 2604 1457 2679 Ηεῐηξοῑθιίιιιείο,
1482 2622 1611 2664 quem

132 2680 284 2722 laudat
315 2680 527 2735 Silhgius,
568 2679 734 2736 Opim²
749 2682 808 2726 cf.
827 2677 972 2726 Strab.
979 2683 1110 2730 XVI.
1129 2699 1170 2740 p.
1188 2685 1288 2738 749,
1296 2686 1481 2772 deinde
1514 2702 1613 2757 cum

62 2788 65 2794 -
132 2757 357 2802 Harduino
397 2760 443 2801 in
472 2759 683 2818 virqinem
714 2776 738 2802 e
765 2761 899 2803 leone,
933 2772 952 2798 ’.
991 2797 993 2800 .
