1914 3237
295 149 352 191 60
907 147 1040 190 Liber
1066 148 1155 190 IV.

296 273 533 325 taceam*)‚
543 271 645 313 loco
655 271 789 326 ignoti
801 270 1170 327 fluminisPacyris
1182 273 1496 315 restituendum
1509 287 1613 316 esse
1627 275 1766 317 notis-

295 351 448 392 simum
472 349 714 406 Hypacyris
742 351 1008 405 interpretes
1031 351 1341 393 intellexerunt
1363 359 1541 406 praeter
1553 351 1764 408 Silligium

295 427 392 470 fere
413 442 581 470 omnes.
631 428 757 471 Hanc
788 437 932 472 autem
965 429 1178 485 syllabam
1210 431 1307 484 quis
1337 445 1424 472 non
1444 431 1764 482 animadvertit,

295 521 398 549 esse
433 507 536 548 Hell
568 522 654 563 qua
686 509 834 550 addita
873 510 1060 563 priorem
1092 507 1296 549 vocabuli
1327 510 1561 562 compositi
1593 517 1763 564 partem

292 587 481 628 Helleno
508 589 814 629 nanciscimur.
874 569 1071 628 Alterius
1102 587 1449 628 terminationem
1479 586 1561 627 hae
1585 587 1657 629 vel
1685 587 1764 628 hoe

292 665 433 709 fuisse
454 675 657 722 apparet,
674 674 861 721 quatuor
880 665 951 720 qui
972 665 1245 719 praecedunt
1259 665 1432 707 litterae
1450 671 1545 706 ctae
1560 665 1761 707 facillime

293 747 553 787 emendantu
562 761 582 787 r
597 746 638 787 in
648 751 754 786 scut.
773 744 917 799 Atque
927 744 992 786 sic
1005 757 1162 785 nomen
1175 743 1387 786 habemus
1397 743 1764 785 Hellenoscuthae

292 825 409 879 quod
433 824 652 879 frequenti
679 825 920 866 litterarum
951 823 1273 877 permutatione
1300 837 1381 877 pro
1403 821 1764 877 Hellenoscythae

383 983 419 1026 ἐς)
445 984 562 1016 Unum
590 983 625 1015 iu
653 993 723 1025 quo
751 981 900 1014 solitam
918 981 1059 1025 Silligii
1078 981 1307 1026 diligentiam
1334 981 1514 1022 desidero,
1541 982 1676 1015 idcirco
1700 982 1762 1016 hic

288 1041 390 1074 lubet
405 1052 614 1084 proponere„
635 1039 803 1083 quoniam
820 1038 911 1071 nihil
938 1039 1020 1071 nitri
1048 1040 1256 1082 prolaturus
1283 1039 1344 1071 sed
1362 1039 1546 1081 antiquam
1567 1039 1759 1072 lectionem

289 1104 424 1130 temere
451 1104 607 1141 sprctam
624 1096 871 1129 vindicaturus
887 1107 980 1127 sum.
1007 1094 1087 1128 Lib.
1100 1095 1203 1128 v.69.
1229 1095 1371 1128 Plinius
1391 1096 1551 1140 loquitur
1567 1097 1611 1128 de
1627 1096 1760 1140 oppido

286 1156 420 1198 Ioppe,
466 1155 526 1187 ubi
569 1154 796 1186 vinculorum
832 1153 1081 1185 Andromedae
1115 1152 1273 1197 vestigia
1308 1153 1342 1185 in
1379 1155 1607 1196 praeiacente
1642 1154 1760 1186 insula

287 1212 338 1254 (§.
361 1212 438 1254 128)
475 1212 710 1244 ostendantur
736 1216 771 1243 et
798 1208 913 1242 addit:
944 1208 1083 1241 cOlI'lm·
1107 1208 1188 1242 illic
1209 1208 1391 1247 sabulosa
1419 1210 1515 1242 Celo.
1579 1211 1636 1243 Ita
1663 1211 1757 1243 enim

286 1268 465 1300 llarduini
496 1267 752 1300 anctoritatem
784 1271 930 1298 secutus
963 1276 981 1296 e
1007 1264 1194 1297 codicibus
1229 1267 1288 1309 qui
1318 1266 1530 1299 nmninatim
1557 1266 1760 1299 afferuntur

287 1324 456 1356 omnibus
484 1323 634 1366 scripsit
659 1323 738 1355 Sill.
765 1323 808 1354 At
835 1333 919 1354 vero
947 1322 1056 1355 aliam
1084 1323 1302 1366 scripturam
1326 1323 1481 1356 Derceto
1501 1324 1759 1368 eDalecampii

287 1381 445 1414 editione
466 1380 696 1419 attulitSill.,
725 1379 826 1422 quasi
844 1380 888 1412 al»
905 1390 947 1411 co
969 1378 1125 1422 primum
1155 1379 1319 1411 exhibita
1335 1384 1442 1412 esset.
1469 1379 1537 1412 Sed
1566 1392 1622 1413 res
1649 1381 1759 1413 aliter

286 1450 325 1471 se
357 1439 486 1470 habet:
520 1449 599 1469 nam
629 1448 738 1480 quum
774 1437 867 1479 apud
896 1436 1135 1468 Alexandrum
1166 1436 1400 1468 Benedictum
1427 1435 1626 1469 etiamnum
1656 1438 1757 1481 lege·

286 1500 387 1528 retur
414 1496 535 1533 Caela,
566 1494 646 1527 inde
677 1495 721 1526 al»
748 1493 907 1526 editione
923 1492 1150 1525 Frobeniana
1175 1491 1287 1524 scribi
1315 1497 1482 1534 coeptum
1510 1494 1756 1526 estsfflercelo.

285 1553 407 1594 Quum
434 1561 519 1582 vcro
546 1550 578 1582 in
606 1550 764 1582 editione
785 1552 932 1582 a.1535.
956 1549 1049 1581 nihil
1075 1549 1118 1581 de
1143 1550 1346 1592 scripturae
1371 1550 1547 1582 varietate
1574 1551 1756 1583 monuerit

285 1608 476 1647 Gelenius,
505 1608 577 1641 iam
612 1607 646 1639 in
681 1607 798 1650 prima
824 1607 986 1638 alterave
1011 1605 1170 1638 editione
1202 1605 1321 1648 (quae
1347 1605 1439 1637 mihi
1464 1607 1508 1639 ad
1533 1619 1661 1640 manus
1687 1620 1755 1641 non

284 1666 385 1708 sunt)
411 1677 489 1698 eam
521 1663 761 1696 mutationem
788 1663 996 1695 instituisse
1022 1663 1202 1705 putandus
1228 1668 1292 1694 est.
1345 1663 1536 1695 Invenerut
1571 1664 1686 1707 igitur
1720 1664 1754 1698 in

283 1722 438 1756 vetustis
464 1722 538 1754 illis
565 1720 680 1760 libris,
708 1720 767 1763 qui
797 1721 922 1762 quales
949 1719 1097 1760 fuerint,
1125 1720 1336 1763 ignoratur:
1364 1719 1548 1752 exstitisse
1573 1726 1693 1753 autem
1721 1724 1757 1753 et

282 1791 303 1813 a
329 1779 480 1812 Gelenio
517 1777 692 1822 religiose
725 1776 911 1809 adhibitos
947 1788 1026 1809 esse
1061 1776 1140 1819 ipse
1176 1775 1348 1819 Silligius
1380 1776 1414 1808 in
1450 1776 1564 1819 praef.
1592 1789 1625 1820 p.
1648 1777 1753 1810 XXV.

282 1838 486 1870 luculenter
511 1834 646 1868 docuit.
704 1834 891 1866 {labemus
918 1833 1033 1878 igitur
1066 1832 1284 1876 scripturam
1313 1832 1416 1864 bonis
1444 1838 1540 1865 certe
1567 1833 1754 1866 codicibus

281 1893 457 1926 munitam
484 1898 520 1925 et
547 1892 729 1924 immerito
754 1891 799 1922 ab
825 1890 1034 1929 Harduino,
1074 1894 1112 1921 ut
1139 1888 1286 1931 opinor,
1323 1893 1495 1931 sprctam.
1544 1889 1633 1922 Nam
1661 1902 1754 1934 quac

281 1951 360 1983 sola
385 1951 473 1983 Ceto
509 1949 543 1981 in
576 1948 713 1981 fabulis
745 1950 1070 1985 commemoratur,
1107 1945 1282 1977 Medusae
1316 1950 1451 1984 mater,
1486 1955 1505 1977 a
1539 1946 1662 1978 bellua
1689 1947 1753 1980 illa

281 2007 405 2040 Persei
440 2017 544 2038 manu
579 2006 700 2037 occisa
733 2004 805 2036 fuit
837 2002 1109 2036 diversissima:
1146 2012 1262 2044 neque
1296 2001 1388 2033 llaec
1420 2012 1594 2044 umquam
1628 2002 1752 2036 divino

281 2064 379 2096 cultu
398 2063 609 2107 gavisaest.
642 2058 688 2094 Τὸ
701 2058 804 2104 κῆτος
831 2059 1210 2103 saepiusappellatur,
1240 2068 1415 2099 nusquam
1434 2055 1455 2101 ἡ
1470 2057 1589 2101 Κητώ.
1618 2059 1752 2093 Contra

279 2122 433 2153 Derceto
460 2130 552 2162 quae
577 2118 680 2162 Syris
704 2117 893 2162 Atargatis
926 2117 1124 2148 vocabatur
1154 2114 1291 2155 (Strab.
1311 2114 1403 2146 xm.
1424 2114 1573 2157 parm),
1611 2122 1753 2157 praeter

279 2176 510 2219 Hierapolim
547 2175 580 2207 in
606 2175 676 2206 hac
704 2175 898 2218 praecipue
927 2172 1078 2217 regione
1102 2170 1390 2204 philistaeorum
1417 2171 1564 2203 dearum
1593 2173 1752 2205 maxima

279 2233 363 2266 fuit.
392 2233 442 2266 ita
469 2238 508 2264 ut
535 2231 826 2264 palaestinorum
854 2230 1000 2274 propria
1025 2229 1120 2273 apud
1146 2227 1317 2260 Ovidium
1344 2228 1627 2261 Motan».lv.46.
1654 2230 1750 2262 celc-

278 2290 456 2322 braretur.
507 2288 660 2320 Ascalon
689 2287 767 2319 eins
793 2286 1068 2331 superstitionis
1092 2285 1196 2318 sedes
1221 2284 1338 2317 fuisse
1366 2285 1520 2317 traditur
1544 2296 1563 2317 a
1592 2286 1749 2318 Diodoro

279 2347 326 2380 11.
345 2348 383 2383 4,
418 2349 624 2388 praetcrea,
658 2348 697 2376 ut
726 2344 889 2384 videtur,
927 2346 1062 2376 Azotus
1089 2341 1156 2384 (cf.
1174 2342 1353 2385 Forbiger
1373 2343 1508 2385 Geogr.
1525 2346 1595 2375 ant.
1614 2343 1687 2379 vol.
1703 2343 1751 2376 ll.

278 2416 312 2446 p.
329 2406 427 2443 7097).
477 2403 590 2434 Recte
616 2406 737 2434 autem
765 2401 969 2433 Salmasius
997 2412 1028 2442 p.
1049 2402 1137 2439 534,
1172 2398 1239 2431 etsi
1267 2404 1302 2432 et
1327 2399 1404 2442 ipse
1432 2401 1514 2432 Celo
1541 2398 1617 2431 1ι.1.
1642 2399 1746 2443 legit,

277 2460 450 2503 oppidum
466 2458 698 2494 I'lioeniciae,
724 2458 785 2490 ubi
803 2459 976 2490 Dercetius
991 2457 1227 2489 simulacrum
1257 2466 1276 2487 a
1292 2466 1329 2486 se
1355 2459 1587 2497 conspectum
1614 2455 1748 2487 descri-

277 2518 332 2550 bit
356 2516 538 2549 Lucianus
564 2516 606 2547 de
633 2515 700 2547 dea
727 2515 834 2558 Syria
863 2527 893 2547 c.
924 2516 985 2551 14,
1022 2514 1156 2555 Ioppcn
1192 2512 1307 2544 fuisse
1334 2511 1572 2544 existimavit.
1630 2512 1747 2554 Atque

278 2574 448 2606 universa
476 2574 519 2605 de
545 2572 670 2605 bonna
696 2583 802 2615 quam
834 2571 1010 2603 occiderit
1036 2571 1189 2602 Perseus
1229 2569 1387 2601 narratio
1416 2568 1548 2610 Ioppe,
1582 2568 1671 2599 urbe
1701 2569 1746 2600 ab

276 2629 497 2663 Ascalonitis
524 2641 590 2661 non
617 2628 769 2661 ninnium
797 2632 958 2666 remota,
993 2638 1011 2657 c
1042 2627 1218 2658 nox-cetus
1253 2625 1393 2660 forma,
1434 2623 1567 2667 quippe
1594 2635 1686 2667 quae
1712 2624 1746 2658 in

278 2687 413 2731 piscem
439 2685 633 2724 desineret,
661 2691 740 2718 orta
759 2684 916 2717 videtur.
966 2683 1043 2716 Iani
1070 2694 1156 2714 vero
1183 2682 1333 2714 eandem
1352 2682 1502 2712 Derceto
1528 2679 1623 2712 infra
1641 2680 1673 2721 §
1689 2683 1745 2714 81.

278 2742 525 2788 prodigiosam
544 2742 746 2785 appellavit
759 2741 914 2781 Plinius,
941 2739 1065 2783 quidni
1092 2739 1206 2783 igitur
1230 2738 1291 2771 hic
1307 2737 1516 2771 fabulosam
1543 2737 1748 2770 nominasse

277 2800 457 2845 putandus
485 2797 560 2832 sit?

1907 2370 1914 2535 .<p-—-·——-
1910 2000 1914 2363 -<-—.——.-—,
1912 1951 1914 1994 „us
1913 1900 1914 1909 ⁴
