1914 3237
153 676 232 717 837

149 1449 230 1492 838

143 2218 224 2262 839

263 206 346 250 246
817 208 933 248 Liber
953 211 1085 251 XXX
1093 210 1182 251 VII.

264 352 373 393 pone
404 354 440 379 v.
460 339 778 393 ,appellabatur‘
810 341 1095 394 collocaveris,
1125 355 1178 383 ea
1208 356 1331 397 quam
1351 343 1528 398 scriptor
1558 343 1729 386 affecta-

265 418 322 457 vit
357 417 563 458 sermonis
603 418 816 473 elegantia
852 418 1047 460 videntur
1084 419 1345 475 dignissima.
1414 421 1566 463 Deleta
1603 422 1731 478 igitur

264 508 365 536 voce
397 494 561 545 ,nodus‘
589 496 650 537 ita
678 496 871 550 procedit
902 497 1059 538 oratio:

319 577 342 612 ι’.
376 587 411 613 a.
449 578 539 615 auri
569 587 697 615 comes
727 578 739 615 ι’
778 589 824 615 m.
855 589 887 616 r.
914 589 956 626 p.
987 588 1100 626 raro,
1133 589 1205 616 nec
1234 579 1309 616 nisi
1339 580 1364 617 i.
1395 591 1431 617 a.
1462 591 1498 617 η.
1532 592 1563 618 ι’.

826 681 887 725 57
908 700 950 718 =
971 675 1166 726 ibidem.

325 790 387 797 —
425 762 597 812 duritia
618 762 956 814 inenarrabilis
979 769 1053 814 est
1076 763 1317 829 simulque
1345 765 1531 830 ignium
1559 764 1728 814 victrix

332 855 499 899 natura
525 880 600 909 w,
641 852 769 901 unde
807 856 854 900 et
891 868 1069 903 nomen
1107 852 1507 918 interpretatione
1545 853 1731 904 Graeca

329 939 580 998 {indomita
618 941 707 1009 vis]
747 940 951 1006 accepit.

370 1027 685 1070 Nominativum
716 1043 791 1084 per
821 1042 866 1070 se
896 1029 1206 1085 ineptissimum
1237 1028 1290 1070 ad
1321 1007 1583 1071 correctoris
1602 1030 1728 1072 inter-

260 1107 540 1162 pretationem
558 1106 828 1148 referendum
853 1121 947 1149 esse
965 1108 1058 1162 quis
1083 1107 1277 1149 dubitet?
1307 1106 1428 1156 Quae
1452 1121 1579 1164 quum
1604 1109 1730 1150 etiam

261 1185 371 1240 apud
411 1184 617 1226 Isidorum
650 1184 766 1226 XVI.
800 1186 850 1228 13
897 1185 1151 1241 reperiatur,
1202 1185 1255 1226 ad
1295 1185 1468 1242 antiqua
1508 1185 1732 1228 referenda

260 1278 354 1305 esse
386 1263 676 1305 additamenta
713 1263 913 1317 efficitur,
954 1277 1061 1319 quae
1092 1268 1229 1316 reete,
1268 1263 1347 1304 nisi
1377 1263 1521 1317 fallor,
1562 1265 1730 1306 saeculo

261 1346 409 1397 quarto
450 1341 676 1396 assignavi,
735 1342 783 1384 V.
817 1350 853 1383 et
882 1356 977 1383 cum
1009 1344 1039 1383 B
1073 1341 1307 1383 omittenda
1338 1347 1413 1382 est.

610 1447 671 1493 63
690 1467 748 1486 =
768 1448 894 1502 5,16.
938 1445 1028 1501 (de
1064 1443 1385 1508 smaragdis).

324 1531 587 1581 Praeterea
622 1530 894 1597 longinquo
932 1532 1286 1598 amplificantur
1305 1531 1421 1581 ‘visu
1457 1532 1730 1581 inlicientes

327 1621 456 1670 circa
493 1636 547 1670 se
586 1636 928 1685 repercussum
968 1636 1077 1670 aera
1118 1621 1200 1670 rel.

313 1710 413 1751 Tria
431 1722 590 1765 genera
609 1708 927 1764 smaragdorum
952 1733 955 1744 ·
975 1723 1072 1764 nam
1097 1709 1377 1764 ,smaragdus‘
1407 1722 1491 1749 non
1525 1721 1728 1764 ,zmarag-

259 1789 351 1831 dus‘
385 1802 437 1830 ea
463 1801 632 1844 gemma
662 1788 704 1828 in
722 1787 756 1828 B
774 1787 1031 1842 appellatur)
1058 1787 1277 1843 distinguit
1296 1787 1472 1839 Plinius,
1504 1799 1731 1838 convexos,

257 1881 478 1919 concavos,
508 1866 679 1921 planos,
711 1879 816 1920 quos
850 1870 1046 1907 extentos
1078 1869 1214 1918 vocat,
1245 1866 1431 1920 itemque
1463 1864 1634 1906 Solinus
1665 1865 1729 1907 15.

259 1945 448 1987 Oonvexi
479 1949 621 1985 autem
655 1943 949 1985 describuntur
980 1957 1031 1984 ea
1062 1944 1113 1985 de
1145 1957 1229 1999 qua
1262 1945 1470 1999 loquimur
1505 1944 1730 1995 sententia,

257 2023 527 2065 nominantur
558 2035 583 2063 a
605 2021 748 2063 Solino
776 2026 944 2074 ylohosi,
977 2021 1088 2078 quod
1120 2022 1370 2063 vocabulum
1404 2035 1514 2076 pone
1546 2036 1580 2062 v.
1607 2034 1729 2073 prae-

257 2110 365 2143 terea
395 2102 637 2142 necessario
669 2101 940 2142 inserendum
972 2105 1048 2142 est.

323 2217 615 2267 semperque
673 2203 854 2252 sensim
892 2203 1137 2251 radiantes
1175 2207 1222 2250 et
1279 2202 1433 2250 visum
1471 2201 1729 2251 admitten-

322 2298 393 2341 tes
427 2291 489 2340 ad
522 2291 895 2340 crassitudinem
932 2291 1006 2339 sui
1043 2289 1271 2340 facilitate
1307 2289 1607 2339 translucida
1642 2289 1727 2339 rel.

364 2379 475 2427 Quid
508 2383 573 2420 est
603 2379 750 2431 ,visum
783 2379 1050 2420 admittere‘?
1095 2378 1243 2433 Neque
1276 2391 1354 2433 ego
1389 2379 1474 2419 scio
1506 2390 1644 2433 neque
1676 2377 1728 2419 ab

255 2456 486 2499 editoribus
517 2457 720 2509 edoceor,
753 2457 962 2512 verbaque
995 2470 1045 2498 ea
1076 2470 1204 2512 quum
1234 2469 1315 2496 non
1348 2456 1390 2496 in
1423 2454 1455 2496 C
1488 2455 1622 2497 solum
1653 2455 1727 2497 sed

255 2535 380 2576 etiam
413 2535 453 2575 in
486 2535 520 2575 B
551 2535 818 2585 omittantur,
862 2535 1011 2575 lubens
1043 2533 1329 2589 expungenda
1363 2547 1457 2574 esse
1497 2547 1727 2586 censerem,

253 2613 331 2654 nisi
364 2618 532 2668 praeter
571 2618 759 2654 veterum
791 2613 997 2654 editorum
1038 2613 1165 2654 libros
1211 2612 1339 2653 etiam
1384 2611 1499 2666 apud
1531 2611 1724 2653 solinum

252 2691 278 2732 l.
309 2691 334 2731 l.
374 2690 479 2732 haee
530 2691 684 2745 scripta
731 2691 1006 2746 reperissem:
1065 2690 1310 2747 ,probantur
1341 2714 1392 2719 -—
1451 2689 1483 2730 si
1532 2694 1730 2744 aspectus

253 2769 566 2810 transmittant‘.
626 2769 762 2817 Quam
795 2770 1048 2811 sententiani
1090 2768 1431 2824 interpunctione
1472 2772 1634 2809 mutata,
1664 2768 1724 2809 ita

255 2847 426 2888 efficere
460 2847 626 2890 liceret,
683 2852 725 2886 ut
772 2847 1059 2901 distinguendi
1108 2852 1249 2889 notam
1291 2860 1316 2887 a
1346 2861 1379 2887 v.
1430 2846 1729 2899 ,admittentes⁴
