1914 3237
284 150 366 194 146
716 118 729 131 ι
869 151 985 190 Liber
1013 150 1096 188 ΧΧ
1109 150 1174 188 VI.

392 283 430 337 ὃ.
463 281 518 326 70
545 295 629 323 non
661 285 913 333 cyparissian
945 280 1022 322 sed
1053 294 1107 322 ex
1136 279 1331 321 omnibus
1362 278 1478 320 libris
1507 284 1747 332 cyparittian

283 360 432 402 scribo.

856 453 917 499 79
952 463 1007 484 =
1042 450 1168 507 8,49.

347 538 510 604 Xiphii
548 553 744 602 quoque.
792 536 930 585 radix
967 536 1189 600 superior
1240 536 1424 584 urinam
1463 535 1556 584 ciet
1591 534 1746 584 infan-

346 626 488 685 tibus,
527 623 870 675 enterocelicis
908 622 1047 671 datur
1082 638 1144 671 ex
1180 636 1306 686 aqua
1342 626 1389 671 et
1427 619 1625 672 illinitur
1658 638 1744 672 ve-

347 715 480 764 sicae
518 714 669 777 vitiis;
718 711 993 777 peucedani
1029 725 1178 759 sucus
1212 710 1464 759 infantium
1498 710 1661 759 ramici
1698 715 1746 760 et

345 801 586 852 umbilicis
624 799 948 850 eminentibus
977 797 1190 864 psyllion
1225 796 1438 848 illinitur.

387 889 528 932 Locus
559 887 897 944 interpunctione
927 891 1091 927 mutata
1122 885 1352 927 sanabitur.
1409 885 1519 927 Nam
1549 886 1742 942 psyllion,

173 486 253 531 553

278 974 324 1010 ut
354 969 413 1010 ait
445 967 635 1008 Dioscor.
667 965 739 1009 IV.
765 965 838 1018 70,
870 961 1154 1020 ἕντεροκήλας
1182 980 1230 1007 τε
1257 964 1336 1014 τὰς
1365 961 1439 1006 ἐπὶ
1467 964 1642 1007 παίδων
1671 967 1744 1006 καὶ

278 1044 558 1101 ἐξομφάλους
587 1042 777 1097 ὗγιάζει,
817 1043 1055 1098 peucedani
1085 1057 1210 1085 sucus
1245 1043 1356 1098 πρός
1393 1057 1441 1084 τε
1476 1042 1640 1092 πόνους
1669 1045 1743 1084 καὶ

278 1125 505 1174 διατάσεις
544 1123 733 1172 κύστεως
771 1125 845 1164 καὶ
885 1125 1060 1178 νεφρῶν
1092 1121 1330 1176 πινόμενος
1369 1126 1492 1164 ποιεῖ
1521 1121 1618 1173 (ΙΙΙ.
1649 1120 1742 1175 82).

278 1202 637 1258 Distinguendum
669 1205 733 1242 est
762 1200 890 1255 igitur
919 1199 998 1241 hoc
1030 1199 1177 1241 modo:

331 1306 385 1312 —
414 1285 600 1329 illinilur;
646 1283 801 1320 vesicae
838 1283 942 1320 vitiis
984 1281 1210 1330 peucedani
1237 1291 1379 1330 sucus3
1424 1278 1631 1326 infantium
1676 1292 1741 1319 ra—

333 1364 424 1401 mici
453 1384 506 1390 —
536 1361 714 1400 ille’nitur.

386 1437 511 1486 Quod
547 1436 700 1478 clarius
741 1435 869 1476 etiam
907 1447 961 1475 ex
998 1432 1102 1474 hace
1143 1432 1233 1475 cod.
1264 1432 1627 1490 Luciliburgensis
1657 1434 1742 1476 lec·

276 1519 391 1559 tione
422 1517 581 1558 elucet:
611 1528 729 1556 sucus
759 1516 894 1554 ramici
924 1515 1152 1562 infantibus.

168 1605 248 1648 554
641 1596 704 1643 82
741 1615 784 1634 =
819 1594 946 1650 8,50.
993 1589 1085 1649 (de
1124 1589 1371 1651 crethmo)

343 1689 417 1733 est
468 1687 629 1732 autem
680 1681 805 1730 inter
856 1694 942 1729 eas
1000 1693 1125 1743 quae
1184 1678 1395 1727 eduntur
1445 1678 1741 1728 silvestrium

344 1772 604 1821 herbarum
639 1799 702 1805 —
739 1768 1034 1834 speciesque
1071 1766 1193 1816 batis
1225 1765 1524 1817 hortensiae.

386 1862 488 1900 batis
524 1857 698 1899 Barbar.
735 1860 896 1908 plantae
933 1857 1020 1898 Ian.
1052 1856 1087 1896 E
1126 1854 1332 1910 scriptura
1382 1855 1581 1897 librorum
1619 1855 1739 1899 MSS.

275 1942 405 1978 elatae
433 1936 556 1978 facile
589 1935 752 1976 elicitur
783 1933 945 1989 syllaba
975 1933 1172 1988 suppleta

330 2019 555 2056 elatinae
583 2016 830 2065 hortensiae,
861 2011 913 2053 cf.
947 2011 1136 2053 Dioscor.
1167 2010 1243 2052 IV.
1278 2011 1343 2053 40.

839 2105 902 2153 86
941 2118 992 2137 =
1028 2105 1155 2160 8‚54.

344 2193 430 2242 Vis
466 2191 640 2242 semini
677 2189 1023 2240 excalfactoria
1059 2194 1105 2238 et
1140 2189 1252 2238 ideo
1289 2188 1585 2239 inflationem
1607 2190 1737 2240 facit.

385 2281 535 2321 Calida
575 2280 745 2321 seminis
787 2280 859 2334 vi³³
903 2292 987 2319 non
1024 2277 1283 2319 inflationem
1325 2276 1401 2318 sed
1431 2281 1679 2328 inflammati
1692 2291 1739 2319 o·

165 2163 243 2205 555

273 2373 373 2400 nem
406 2358 515 2399 effici
543 2362 876 2399 consentaneum
907 2360 991 2397 est:
1026 2360 1151 2411 atque
1185 2356 1243 2396 sic
1273 2356 1316 2396 in
1346 2355 1438 2396 cod.
1469 2355 1509 2397 R
1538 2357 1738 2411 scriptum

274 2441 422 2478 exstat.

163 2530 244 2573 556
840 2515 901 2562 89
936 2528 991 2548 =
1025 2515 1154 2570 2258.

339 2601 597 2651 ischiadici
637 2630 684 2636 —
732 2605 983 2659 sanantur,
1041 2613 1226 2664 panace
1273 2602 1389 2663 poto
1436 2602 1484 2647 et
1517 2597 1738 2648 infricata

338 2689 617 2755 polemonia
650 2690 734 2738 rel.

382 2781 570 2826 infricalo
602 2777 693 2816 libri
725 2775 844 2817 MSS.
880 2775 931 2815 ad
961 2788 1087 2814 unum
1113 2788 1257 2815 onmes
1289 2773 1459 2824 habent,
1490 2788 1660 2828 prorsus
1692 2780 1736 2814 ut
