1914 3237
140 308 221 350 536

143 1083 222 1127 537

141 1733 222 1776 538

144 2095 224 2138 539

257 171 331 212 140
854 177 971 215 Liber
1002 177 1086 216 XX
1097 177 1138 218 V.

819 305 1171 354 49=ibidem

320 396 574 461 plurimum
623 404 783 447 autem
827 400 1038 448 nascitur
1086 400 1129 448 in
1169 398 1289 449 Oete
1338 406 1498 449 monte
1538 406 1585 448 et
1632 415 1718 465 op-

319 485 484 533 timum
523 500 617 534 uno
656 487 760 547 eius
796 485 908 536 loco
948 487 1077 535 circa
1112 486 1301 551 Pyram.

364 573 466 614 Post
509 587 544 613 v.
594 582 722 614 monte
766 575 921 624 Ianus,
979 587 1187 629 nusquam
1229 574 1315 615 Sill.
1369 575 1719 630 interpunctionis

255 651 419 705 signum
451 650 668 706 apposuit,
708 651 889 692 debebat
919 656 1014 706 post
1045 656 1228 702 optimum
1260 652 1475 693 collocari:
1523 656 1719 706 μοναχοῦ

253 729 301 770 δὲ
326 729 486 784 φύεται
515 732 586 783 τῆς
621 730 746 783 Οἴτης
776 732 876 785 περὶ
907 729 982 784 τὴν
1012 730 1190 784 Πυράν,
1230 729 1548 785 Theophrastus
1587 731 1721 786 inquit

251 807 346 847 hist.
378 807 430 861 pl.
465 805 538 847 IX.
573 807 633 849 10.
663 807 700 848 2.
761 806 924 847 Ibidem
972 811 1009 847 in
1060 810 1199 848 vilibus
1231 812 1393 848 mutare
1434 821 1517 848 non
1570 807 1721 860 audeo,

252 889 417 939 poterat
450 885 560 924 enim
592 885 749 925 Plinius
781 884 893 939 apud
924 884 1264 940 Theophrastum
1294 899 1369 940 pro
1401 882 1449 927 ἐν
1491 886 1720 939 ἀμπελῶσι

251 963 393 1017 legere
425 959 473 1005 ἐν
504 961 730 1016 ἀμπέλοις.

845 1073 908 1121 82
927 1093 986 1113 =
1003 1073 1129 1128 8,42.
1436 1125 1443 1136 .

320 1160 517 1224 quidam
546 1157 765 1208 cachlarn
804 1164 982 1208 vocant
1024 1167 1119 1218 (sc.
1159 1157 1573 1223 buphthalmum).

365 1247 545 1288 Codices
576 1245 696 1287 MSS.
728 1251 770 1286 et
798 1245 866 1287 hic
896 1250 938 1286 et
967 1246 1010 1286 in
1039 1246 1177 1287 indice
1209 1251 1281 1287 aut
1300 1250 1477 1287 calchum
1509 1253 1582 1286 aut
1612 1249 1720 1287 chal-

253 1340 330 1366 can
361 1325 589 1380 appellant,
621 1324 672 1364 de
704 1337 787 1379 qua
816 1324 1048 1365 litterarum
1080 1325 1407 1378 transpositione
1440 1323 1721 1365 Schneiderus

253 1418 291 1444 v.
322 1403 635 1458 χρυσάνθεμον
665 1401 788 1442 docte
822 1401 1070 1456 disputavit:
1117 1405 1297 1442 caelatam
1328 1402 1478 1442 vitiose
1512 1401 1721 1443 Dioscori-

253 1481 328 1522 des
360 1480 434 1521 ΙΙΙ.
473 1481 561 1523 146.
629 1480 765 1528 Quam
817 1480 1097 1534 corruptelam
1142 1493 1227 1519 non
1279 1484 1369 1520 erat
1420 1492 1493 1520 cur
1537 1479 1721 1520 editores

253 1559 493 1613 probarent.

853 1650 916 1697 83
935 1670 992 1690 =
1009 1650 1134 1705 8‚45.

320 1736 688 1786 ischaemonem
725 1735 928 1784 Thracia
966 1735 1163 1783 invenit.

363 1825 448 1865 Scr.
480 1827 735 1876 Ischaemon,
766 1822 1002 1864 ischaemos
1034 1822 1145 1862 enim
1176 1827 1218 1863 et
1250 1821 1361 1877 apud
1402 1821 1612 1876 Theophr.
1644 1820 1720 1861 IX.

259 1903 304 1944 15
336 1907 378 1942 et
407 1902 449 1942 in
481 1901 619 1942 indice
653 1900 861 1955 (schemae.
896 1903 1072 1948 shemos)
1109 1900 1357 1955 appellatur.

850 2007 904 2052 91
927 2023 985 2050 --.
1009 2005 1134 2059 8,51.

322 2091 617 2139 Invenerunt
653 2096 699 2139 et
737 2106 884 2140 canes
922 2082 1016 2154 qua
1051 2090 1294 2138 fastidium
1332 2089 1542 2137 vineunt.

367 2180 434 2219 Sic
459 2163 692 2219 rectissime
724 2183 820 2219 ante
841 2178 927 2219 Sill.
959 2178 1192 2232 legebatur,
1224 2178 1293 2232 qui
1320 2190 1522 2231 praesens
1555 2182 1720 2230 tempus

255 2262 451 2298 inveniunt
481 2270 503 2297 e
534 2256 655 2298 codd.
687 2257 898 2311 plerisque
944 2255 1121 2310 scripsit.
1183 2256 1306 2295 Miror
1346 2268 1398 2295 ne
1437 2256 1582 2295 Ianum
1632 2253 1721 2308 qui-

257 2335 351 2375 dem
382 2335 641 2374 intellexisse
673 2333 926 2388 perfectum,
979 2333 1050 2373 ubi
1081 2332 1132 2373 de
1164 2333 1404 2373 inventione
1450 2333 1578 2373 semel
1610 2331 1722 2372 facta

257 2426 392 2453 sermo
438 2417 520 2464 est,
574 2411 804 2452 desiderari
841 2411 952 2466 quod
1002 2412 1136 2465 ipsum
1176 2411 1217 2450 in
1264 2411 1421 2464 optimo
1461 2409 1552 2450 cod.
1586 2423 1610 2449 a
1651 2422 1718 2454 ,re-

258 2491 427 2545 peritur.
1350 2494 1363 2514 ι

324 2568 493 2616 Notata
529 2572 604 2615 est
628 2567 750 2615 haec
774 2567 878 2615 eius
899 2566 1174 2629 malignitas
1195 2566 1240 2614 in
1269 2565 1361 2614 alia
1381 2565 1532 2614 herba
1553 2563 1715 2613 maior.

371 2655 498 2695 Recte
531 2669 566 2694 v.
601 2658 776 2694 atzimalis
810 2668 934 2709 quani
966 2668 990 2695 a
1018 2655 1208 2695 Pintiano
1242 2653 1369 2694 deleri
1401 2652 1506 2692 falso
1540 2651 1623 2691 Sill.
1658 2665 1719 2691 re-

259 2734 365 2785 tulit.
398 2734 482 2773 lan.
514 2746 536 2772 e
567 2732 687 2772 codd.
720 2732 912 2783 restituit,
944 2736 1028 2771 eins
1058 2732 1099 2772 in
1131 2735 1300 2772 eiusdem
1325 2735 1486 2770 mutare
1517 2728 1718 2783 neglexit.

368 2812 404 2865 §.
443 2810 516 2852 103
566 2823 711 2850 vereor
755 2823 805 2849 ne
836 2809 958 2850 Plinii
1004 2809 1135 2864 ipsius
1176 2822 1290 2850 error
1329 2821 1410 2862 quo
1445 2811 1609 2847 Galliam
1647 2821 1720 2862 pro
