1914 3237
698 178 814 218 Liber
857 177 1061 217 XXVIII.
1533 169 1608 212 161

148 310 277 351 verba
308 322 418 365 quae
448 312 597 364 postea
638 307 887 348 exciderunt
919 306 959 346 in
991 305 1180 359 margine
1221 302 1364 343 addita
1395 300 1617 342 videantur

151 401 269 440 esse,
301 387 405 428 haec
435 387 523 428 fere
553 387 595 426 in
628 398 677 425 eo
709 384 806 425 olim
838 386 994 438 scripta
1024 383 1214 424 extitisse
1247 380 1476 422 concedes:

224 466 416 492 SVPERIOR
436 465 638 490 PALPEBRA
658 464 799 490 SALIVA
817 463 975 489 TANGAN

227 524 304 550 TVR
326 523 399 548 Eos
424 523 526 548 HAEC
547 522 756 547 GREDAMVS
778 522 868 547 RITAE:
888 521 992 545 FIERI
1012 520 1113 544 iubere
1133 524 1182 542 aut

225 581 421 606 EXTRANEI
440 580 688 606 INTERVENTV
711 581 744 604 Sl
771 578 967 605 noRMlssxs

222 637 448 664 SPECTETVR
467 638 607 664 INFANS
628 639 651 662 A
673 637 840 663 NVTRICE
864 636 994 661 'I'ERNA
1008 635 1177 667 precatione

230 696 372 723 ADSPVI
397 696 617 727 QVAMQVAM
638 696 749 721 ILLOS
770 695 982 721 RELIGIONE
1002 696 1102 719 mutua
1122 696 1205 716 tuea-

224 756 310 781 TVR.

264 811 402 860 Quam
433 810 810 864 interrogationem
840 808 1099 864 indignantis
1131 806 1344 860 scriptoris
1376 816 1469 844 esse
1497 803 1624 844 lanus

156 889 467 932 animadvertit.
506 889 563 929 At
593 892 679 929 illos
709 889 733 928 i.
766 901 801 928 e.
834 901 916 928 non
946 886 1144 937 infantes,
1177 884 1228 924 de
1259 882 1411 938 quibus
1444 893 1496 920 ne
1528 893 1622 920 cum

157 968 367 1010 Gronovio
397 966 630 1020 cogitemus
662 965 728 1006 vel
758 978 931 1005 numero
963 963 1250 1018 prohibemur,
1296 959 1372 1000 sed
1404 963 1621 999 auctorum

158 1045 480 1101 superstitiones
527 1042 697 1083 defendi
728 1042 887 1083 Plinius
927 1041 1076 1082 fascini
1107 1039 1310 1094 religione
1343 1038 1400 1078 ait
1443 1037 1512 1091 qui
1542 1048 1625 1076 non

158 1124 341 1164 infantes
374 1125 536 1162 tantum
559 1120 634 1161 sed
651 1119 1096 1174 etiamtriumphantes
1108 1118 1215 1158 tueri
1234 1116 1451 1168 credatur3
1484 1118 1525 1154 et
1543 1127 1625 1153 mu-

159 1209 228 1242 tna
253 1199 422 1255 quidem
444 1198 662 1252 religione,
692 1198 752 1238 ita
772 1202 819 1237 ut
850 1197 883 1237 si
916 1196 973 1237 illi
1004 1196 1154 1237 fascini
1184 1196 1267 1236 vim
1298 1194 1439 1248 pueris
1471 1192 1626 1232 saluta-

160 1293 246 1320 rem
258 1277 495 1328 admittant,
514 1289 567 1316 ne
588 1275 699 1330 sputi
718 1274 888 1330 quidem
910 1274 1141 1314 efficaciam
1155 1273 1224 1328 qui
1244 1273 1454 1313 fascinum
1474 1270 1628 1320 colant,

160 1361 330 1412 negent.
382 1355 432 1395 V.
455 1358 593 1405 reliqio
625 1353 817 1394 similiter
846 1356 1072 1407 usurpatur
1096 1353 1129 1405 ξ.
1147 1351 1211 1394 65.
1246 1349 1456 1392 Particula
1486 1352 1629 1389 autem

161 1447 398 1486 quamquam
431 1433 547 1474 verbi
585 1440 744 1473 luealur
790 1431 1102 1472 coniunctivum
1146 1430 1235 1484 regi
1286 1443 1370 1469 non
1417 1432 1481 1468 est
1519 1425 1631 1481 quod

161 1513 347 1565 mireris,
379 1511 429 1553 cf.
459 1510 576 1551 XVI.
613 1510 697 1553 lssl.

269 1590 453 1643 Reliqua
482 1593 650 1644 praeter
680 1603 715 1629 v.
746 1596 923 1639 recipere
953 1601 1079 1643 quam
1103 1586 1190 1627 Sill.
1222 1585 1358 1625 inutili
1386 1583 1630 1625 coniectura

166 1668 375 1719 (Prellero
408 1666 619 1722 placuisse
652 1666 824 1719 mythol.
855 1666 977 1707 Rom.
1010 1680 1050 1720 p.
1069 1665 1146 1707 205
1161 1665 1263 1704 satis
1279 1662 1420 1703 mirari
1438 1667 1626 1715 nequeo)

162 1750 394 1799 resim-<cere
424 1745 620 1797 tentavit,
666 1745 788 1800 quasi
816 1744 1050 1785 insanirent
1091 1740 1443 1795 triumphatores,
1486 1738 1629 1779 nescio

165 1826 257 1881 quis
289 1830 387 1865 ante
417 1823 760 1878 Dalecampium,
801 1822 1088 1877 Rhodiginus,
1129 1825 1174 1860 ut
1206 1819 1293 1860 Sill.
1326 1819 1473 1870 refert,
1519 1821 1631 1857 recte

166 1904 207 1944 in
237 1907 436 1954 respicere
478 1901 678 1953 mutavit,
723 1915 805 1942 non
851 1906 936 1942 tam
983 1898 1233 1954 corrigenda
1280 1912 1404 1953 quam
1450 1910 1472 1937 e
1516 1895 1632 1936 libris

166 1980 283 2023 MSS.
315 1979 577 2020 restituenda
621 1983 756 2019 eruut.
814 1978 1136 2033 Praepositione
1180 1993 1205 2018 α
1250 1989 1358 2032 quae
1397 1976 1438 2015 in
1480 1973 1505 2014 d
1544 1974 1633 2013 solo

165 2059 319 2113 legitur
350 2063 560 2112 expuncta
600 2057 808 2098 fascinum
839 2071 923 2098 non
965 2071 989 2097 a
1020 2056 1252 2110 virginibus
1288 2052 1528 2095 Vestalibus
1560 2050 1635 2091 sed

167 2136 286 2178 festis
305 2136 540 2176 Vestalium
563 2136 711 2176 diebus
732 2135 811 2176 coli
836 2135 1004 2176 solitum
1025 2147 1120 2175 esse
1144 2133 1356 2184 discimus,
1389 2131 1443 2172 ad
1458 2143 1635 2186 quorum

167 2215 371 2256 laetitiam
403 2213 784 2254 concelebrandam
823 2227 950 2267 quun]
984 2213 1109 2254 etiam
1149 2211 1267 2251 aselli
1299 2210 1635 2259 admitterentur,

170 2306 290 2333 suum
314 2292 477 2332 fascino
508 2291 646 2332 locum
676 2291 807 2332 fuisse
838 2291 1096 2345 intelligitur.
1127 2290 1234 2330 Tum
1266 2303 1288 2329 e
1321 2286 1412 2330 cod.
1444 2287 1483 2327 R
1513 2286 1636 2327 lectio

174 2373 309 2410 eodem
343 2369 568 2423 recipiatur
599 2373 776 2424 oportet.
807 2369 914 2410 Nam
941 2373 1136 2410 medicina
1153 2372 1313 2419 linquae
1331 2380 1458 2423 quum
1489 2365 1639 2405 fascini

170 2452 306 2489 se'mile’s
335 2451 521 2500 vocetur,
553 2447 719 2502 signum
746 2452 786 2488 et
816 2448 954 2502 ipsum
981 2447 1112 2489 fuisse
1144 2446 1302 2498 debuit,
1334 2446 1492 2500 lingua,
1524 2450 1638 2497 puta,

170 2525 374 2567 Medusae
407 2530 576 2566 exserta
615 2539 723 2581 quae
762 2525 951 2581 posticae
989 2539 1134 2567 currus
1173 2525 1281 2580 parti
1327 2524 1456 2565 affixa
1495 2522 1638 2563 trium-

172 2603 372 2660 phantem
405 2607 540 2644 eodem
571 2604 593 2644 i.
627 2617 661 2644 e.
695 2617 804 2658 pone
836 2617 880 2645 se
912 2604 1122 2658 respicere
1156 2603 1331 2644 iuberet.

281 2682 401 2729 Quae
443 2682 478 2722 si
523 2685 635 2722 recte
680 2681 884 2723 hactenus
925 2682 1140 2737 disputata
1171 2685 1297 2732 sunt,
1335 2681 1493 2721 Plinius
1540 2679 1642 2720 satis

178 2760 346 2814 quidem
376 2760 627 2813 obscuram,
687 2759 761 2801 sed
793 2774 875 2801 non
907 2761 1193 2815 inelegantem
1224 2759 1358 2800 hance
1390 2760 1640 2801 sententiam

178 2838 396 2893 scripsisse
426 2837 640 2894 putandus
674 2843 758 2879 est:

1295 2896 1345 2936 11
