1914 3237
224 2157 278 2196 72

308 124 362 163 52
924 120 1056 162 Liber
1086 120 1170 164 IV.

377 252 539 293 autem
582 244 639 292 in
679 244 901 294 Locris
938 245 1113 294 Elatea
1152 254 1200 293 et
1231 245 1279 292 in
1310 244 1419 309 ripa
1454 245 1681 311 Cephisi,
1729 254 1782 296 ut

377 334 616 393 diximUS,
661 336 834 385 Lilaea
888 336 1209 401 Delphosque
1265 350 1438 385 versae
1485 337 1682 386 Cnemis
1732 344 1782 385 et

373 426 686 491 Hyampolis.
757 427 951 476 Rursus
981 427 1259 475 Locrorum
1290 444 1377 475 ora
1414 440 1499 475 etc.

417 523 540 564 Itane
576 522 719 565 vero?
770 522 971 564 Elateam
1009 531 1052 565 et
1086 523 1256 578 reliqua
1293 525 1459 579 oppida
1490 522 1781 565 celeberrima

306 601 463 643 Locris
483 602 689 643 tribuisse
708 600 892 643 Plinium
918 602 991 643 tibi
1015 601 1341 658 persuadebis?
1383 602 1444 644 At
1471 601 1670 643 sortasse
1703 599 1775 641 ali-

307 680 485 734 quando
520 678 830 721 phocensibus
868 681 1075 736 adempta
1113 689 1156 722 et
1185 682 1345 723 Locris
1385 682 1487 722 data
1521 678 1655 722 sunt?
1689 677 1781 720 Au-

306 758 465 810 direm,
511 757 616 799 licet
651 758 901 800 Pausaniae
938 766 1083 800 aetate
1113 759 1171 800 X.
1198 760 1266 802 34.
1296 767 1340 800 et
1364 760 1433 801 35.
1470 757 1779 801 Phocensibus

304 836 476 877 reddita
511 837 708 891 putanda
746 844 923 889 essent,
965 837 1048 880 nisi
1083 838 1181 892 ipse
1215 837 1383 878 Plinius
1419 850 1473 877 eo
1509 836 1612 877 loco
1651 849 1780 890 quem

305 915 401 970 ipse
438 913 591 955 laudat
626 914 725 970 §.8
761 914 960 956 Lilaean]
1006 922 1129 956 certe
1176 915 1232 956 ad
1261 913 1503 955 Phocidem
1538 912 1779 966 retulisset,

306 999 349 1032 et
379 992 462 1032 nisi
493 992 593 1033 dum
624 992 926 1047 prosequitur:
966 1005 1120 1032 rursus
1147 991 1385 1032 Locrorum
1413 1006 1490 1032 ora
1525 1004 1551 1032 a
1582 990 1779 1031 Phocide

305 1084 355 1112 se
392 1072 449 1112 ad
484 1071 659 1113 Locros
694 1071 871 1126 regredi
902 1071 1076 1112 disertis
1103 1070 1253 1112 verbis
1284 1071 1495 1111 traderet.
1549 1070 1639 1110 Iam
1668 1081 1778 1110 vero

304 1150 346 1190 in
379 1151 512 1191 codd.
540 1150 654 1191 RAd
688 1149 851 1191 nullam
886 1149 1132 1190 Locrorum
1169 1149 1431 1190 mentionem
1462 1147 1558 1188 fieri
1588 1153 1777 1197 constat,

304 1242 404 1269 narn
443 1229 496 1269 dc
529 1228 748 1271 Toletano
780 1227 911 1270 silent
934 1225 1085 1282 Silligii
1121 1234 1331 1269 auctores
1352 1225 1550 1281 Hispani.
1596 1224 1778 1266 Scilicet

304 1307 362 1347 ita
399 1307 600 1348 scribunt
635 1306 731 1348 libri
766 1306 939 1362 optimi:
1750 1303 1752 1306 ’

562 1389 792 1430 Introrsus
819 1395 962 1430 autem
993 1379 1079 1444 (au-
1108 1387 1173 1444 d.)
1204 1386 1334 1428 Lar1's
1363 1386 1520 1427 Elatea

306 1488 420 1528 quae
459 1475 632 1529 quidem
668 1475 819 1516 ultima
845 1473 1066 1517 vocabula
1103 1480 1190 1515 tam
1227 1479 1328 1514 sunt
1365 1472 1477 1512 inter
1517 1484 1567 1512 se
1604 1468 1777 1521 similia,

302 1560 349 1593 ut
378 1551 484 1591 laris
510 1551 649 1592 elatea
679 1552 954 1593 manifestum
987 1550 1311 1606 dittographiae
1342 1549 1543 1590 indicium
1581 1561 1690 1602 prae
1725 1560 1777 1588 se

301 1629 459 1672 ferant.
506 1630 665 1672 Deleto
696 1631 827 1685 igitur
847 1630 1032 1672 molesto
1061 1628 1134 1670 illo
1165 1628 1298 1668 Laris
1327 1627 1454 1668 locus
1486 1628 1550 1668 sic
1579 1626 1776 1668 scriben-

303 1710 385 1751 dus
415 1710 611 1751 videtur:

453 1790 683 1830 Introrsus
713 1793 856 1828 autem.
896 1788 986 1841 (sc,
1017 1786 1058 1826 in
1094 1784 1312 1838 Phocide)
1352 1783 1509 1823 Elatea
1545 1782 1623 1824 rel.

303 1874 556 1916 Cnemidem
593 1872 708 1914 salso
745 1872 786 1913 in
818 1869 1401 1913 Phocide.commemoravit
1426 1868 1608 1918 Plinius,
1644 1881 1775 1922 quum

299 1953 388 1995 levi
435 1967 589 1994 errore
636 1958 827 1993 montem
865 1951 906 1992 in
950 1948 1158 1991 Phocidis
1205 1946 1406 1990 confiniis
1444 1947 1636 2002 positum
1676 1959 1777 1986 cum

302 2032 467 2087 oppido
500 2030 806 2072 confunderet.

412 2136 582 2177 Eodem
615 2131 937 2188 dittographiae
970 2129 1075 2172 vitio
1123 2127 1325 2170 ibidem

370 2220 598 2285 oppida
634 2219 988 2281 Halcyone,
1024 2212 1282 2272 Econia,
1319 2210 1530 2259 Phalara

303 2319 385 2361 tria
421 2317 543 2359 sacta
574 2317 779 2358 videntur
809 2327 924 2368 quae
960 2325 1049 2353 non
1070 2310 1154 2352 nisi
1174 2309 1259 2349 duo
1285 2306 1426 2348 suere.
1465 2305 1634 2346 Econia
1663 2303 1778 2345 enim

304 2400 408 2440 urbs
446 2403 625 2452 practer
660 2393 779 2434 hunc
814 2392 961 2433 locum
997 2402 1215 2443 nusquam
1247 2390 1630 2428 commemoratur.
1687 2382 1776 2424 Pro

303 2492 390 2532 qua
426 2475 603 2516 suerunt
641 2472 712 2526 qui
749 2471 899 2511 Itonia
931 2468 1065 2511 scribi
1099 2465 1287 2516 vellent,
1333 2464 1565 2520 ingeniosa
1603 2461 1777 2516 quidem

303 2556 574 2605 coniectura,
605 2552 685 2593 sed
718 2549 884 2590 idcirco
917 2546 1157 2588 reiicienda
1195 2544 1401 2598 quoniam
1431 2541 1567 2584 Itonia
1597 2553 1686 2580 non
1720 2538 1777 2579 ad

302 2636 442 2678 sinum
479 2631 717 2673 Maliacum
753 2640 906 2670 verum
950 2625 1168 2665 introrsus
1216 2624 1299 2664 sita
1337 2628 1446 2663 erat.
1527 2619 1592 2660 Ita
1631 2624 1777 2658 autem

301 2713 498 2755 scribunt
531 2709 733 2750 codices:
762 2705 802 2746 A
833 2703 1013 2745 Ale-ione
1041 2702 1209 2744 Econia
1238 2700 1280 2742 R
1310 2698 1537 2752 Halcyone
1567 2694 1775 2744 Aeconia,

301 2804 414 2847 quac
452 2788 626 2845 quidem
653 2785 831 2828 nomina
866 2790 954 2823 tam
984 2788 1086 2823 sunt
1117 2780 1230 2821 inter
1263 2791 1314 2820 se
1352 2775 1524 2826 similia,
1559 2780 1606 2816 ut
1642 2787 1775 2815 unum
