1914 3237
699 130 830 172 Liber
856 130 945 172 IV.
1505 128 1560 171 49

89 263 293 320 gendum.
364 261 544 304 Scilicet
576 274 600 301 e
629 266 801 314 septem
833 259 1016 301 urbibus
1047 273 1160 315 quas
1186 259 1304 315 apud
1322 258 1562 301 Homerum

88 341 135 383 ll.
157 341 231 382 IX.
255 340 349 382 150.
370 340 642 395 Agamemno
670 352 721 379 se
742 336 903 379 Achilli
933 338 1134 378 (laturum
1169 352 1274 380 esse
1308 338 1562 394 pollicetur,

89 419 308 465 Antheam
336 432 432 459 eum
461 417 607 459 locum
639 430 894 471 occupasse
915 417 1242 458 arbitrabantur
1263 424 1442 460 veteres
1474 432 1562 474 quo

89 506 251 555 postca
290 496 453 538 Thuria
508 495 740 537 aedificata
789 502 871 536 est.
959 494 1252 536 scribendum
1297 504 1366 537 est
1410 497 1564 551 igitur:

89 574 164 615 ubi
188 573 337 630 fuerat
362 572 562 624 Anthea,
603 574 664 614 uti
695 572 819 628 §.45.
850 572 1011 628 legitur
1050 573 1160 623 „ubi
1195 572 1351 615 Messa
1378 572 1568 616 sue1·at.“

90 655 242 708 ltaque
282 660 419 694 totum
457 652 726 694 enuntiatum
765 652 825 694 ita
865 665 892 693 a
924 651 1064 694 Plinio
1106 652 1411 707 conscriptum
1461 665 1565 695 esse

89 733 302 774 arbitrorz

147 807 318 865 Oppida
352 808 622 863 Taenarum,
665 807 857 849 Leuctra
895 813 937 848 et
971 807 1089 848 intus
1116 804 1303 864 Sparta,
1340 807 1566 863 Amyclae,

144 887 336 938 Pherae,
371 886 612 943 Therapne,
642 887 814 937 Pitane,
847 885 1127 941 Cardamyle,
1162 891 1292 946 atque
1319 884 1395 926 ubi
1421 882 1570 940 fuerat

147 965 324 1008 Anthea
352 965 470 1007 locus
504 964 695 1015 Thuria,
729 962 938 1006 Gerania.

642 1067 722 1127 17,
749 1066 812 1114 18
838 1083 883 1102 =
908 1067 955 1127 5,
977 1067 1025 1114 9.
1594 1086 1649 1128 66

248 1194 259 1206 .
314 1157 444 1205 inter
488 1173 610 1221 quos
654 1158 817 1221 Argos
859 1156 1103 1221 Hippium
1163 1155 1569 1221 cognominatum.

244 1250 489 1310 Troezen,
511 1247 872 1313 Coryphasium
903 1247 1392 1312 appellatumque
1422 1248 1571 1297 alias

161 1339 501 1400 Inachium,
540 1338 691 1387 alias
728 1334 1010 1403 Dipsium
1044 1338 1260 1402 Argos,

205 1446 472 1502 Corruptum
501 1446 649 1488 locum
683 1460 788 1488 esse
815 1446 1124 1488 animadvertit
1149 1444 1323 1487 Curtius
1342 1445 1392 1486 ll.
1411 1445 1572 1501 p.575:

94 1527 331 1568 emendare
366 1540 614 1582 aggressus
654 1533 724 1567 est
754 1525 1006 1576 Pintiauus,
1055 1525 1127 1579 qui
1162 1524 1328 1579 primus
1365 1532 1574 1580 transpo-

93 1604 250 1647 sitione
283 1617 493 1660 germana
516 1604 639 1645 Plinii
661 1606 802 1645 verba
834 1605 1068 1647 restituere
1101 1600 1261 1658 coepit.
1310 1603 1365 1644 Et
1389 1603 1573 1657 primum

96 1684 269 1739 quidem
313 1682 418 1724 illud
458 1683 706 1725 rectissime
741 1682 849 1724 fecit
896 1683 1013 1738 quod
1058 1680 1284 1723 vocabula
1330 1680 1440 1722 alias
1463 1682 1574 1722 Ina-

96 1760 262 1811 chium,
295 1760 405 1801 alias
432 1762 634 1818 Dipsium
665 1761 722 1801 ad
749 1762 984 1815 superiora
1014 1759 1174 1802 retulit.
1232 1759 1429 1800 Fuerunt
1460 1761 1574 1803 enim

97 1841 277 1894 antiqua
311 1847 353 1880 et
383 1840 614 1881 notissima
644 1839 949 1881 nobilissimae
981 1838 1103 1880 urbis
1140 1838 1418 1893 cognomina.
1456 1840 1576 1882 Idem

94 1918 280 1960 alterum
309 1918 459 1974 Argos
492 1933 635 1975 prope
656 1918 935 1961 Troezenem
967 1919 1095 1961 situm
1124 1916 1273 1959 ultimo
1304 1917 1408 1959 loco
1443 1932 1470 1960 a
1489 1919 1575 1961 Pli-

93 1997 166 2039 nio
198 1997 379 2038 indicari
415 1997 645 2050 intellexit,
683 1999 736 2040 (le
775 2013 861 2054 quo
895 1997 953 2040 cf.
979 1997 1155 2040 Curtius
1175 1996 1204 2038 l.
1225 1996 1255 2038 l.
1303 1997 1435 2045 Quod
1464 2012 1575 2041 vero

93 2089 251 2117 vocem
295 2075 639 2138 appellatumque
680 2076 724 2117 in
759 2076 1030 2138 alterumque
1069 2075 1272 2126 mutavit,
1320 2075 1362 2115 id
1401 2076 1577 2130 quidem

93 2155 200 2198 fecit
225 2163 405 2212 praeter
431 2155 764 2196 necessitatem.
804 2155 960 2197 Potest
993 2154 1105 2195 enim
1141 2167 1230 2196 una
1267 2167 1365 2194 cum
1394 2153 1576 2209 reliquis

94 2236 243 2277 verbis
278 2236 322 2276 in
359 2234 546 2278 alterum
584 2233 733 2275 locum
769 2233 1015 2276 transferri.
1076 2233 1236 2289 Neque
1282 2233 1348 2275 sic
1385 2233 1579 2276 Troeze-

94 2313 210 2354 nium
241 2313 392 2368 Argos
422 2327 505 2354 suo
549 2312 809 2367 cognomine
851 2313 1035 2360 carebit.
1102 2309 1379 2367 Κορυφάσιον
1416 2311 1578 2354 dictum

98 2405 201 2433 esse
239 2393 428 2433 arbitror
452 2405 478 2432 a
501 2391 658 2433 montis
699 2391 930 2432 cuiusdam
966 2390 1216 2433 vicinitate:
1254 2403 1355 2430 nam
1387 2396 1431 2430 et
1462 2403 1576 2445 opus

95 2468 174 2511 fuit
210 2468 357 2524 aliquo
394 2477 515 2511 certe
552 2470 710 2511 indicio
751 2483 836 2524 quo
875 2482 901 2510 a
936 2468 1186 2511 celebriore
1225 2467 1390 2523 oppido
1427 2468 1579 2510 distin-

97 2556 309 2604 gueretur
357 2556 400 2590 et
449 2548 776 2604 Coryphasium
815 2548 858 2589 in
905 2548 1138 2590 Messenia
1182 2553 1333 2588 notum
1376 2544 1448 2587 hic
1490 2545 1580 2587 loci

94 2641 286 2683 prorsus
329 2634 401 2669 est
435 2627 696 2678 inauditum,
733 2627 792 2668 ita
828 2634 876 2668 ut
909 2626 1086 2669 Curtius
1125 2627 1178 2666 de
1208 2622 1422 2666 Methana
1457 2625 1579 2680 cogi-

97 2706 267 2748 taverit.
335 2704 622 2747 Praeferrem
661 2705 864 2760 equidem
901 2705 1004 2748 huic
1039 2705 1199 2747 rationi
1242 2718 1340 2746 eam
1373 2710 1421 2745 ut
1466 2697 1580 2745 scri-

97 2781 264 2827 berem:
306 2782 703 2844 Coryphasiumque
739 2783 1001 2840 appellatum
1029 2781 1197 2842 Arqos,
1238 2783 1321 2825 nisi
1358 2782 1400 2824 in
1440 2790 1579 2823 trans-

1270 2862 1297 2901 4
