1914 3237
165 471 200 509 ΣΦ

161 1017 185 1056 2

157 1812 180 1850 ‘2

188 1016 214 1056 5

185 1811 210 1851 5

195 470 217 508 ἐζ

222 470 245 508 ΝΑ

217 1016 243 1057 3

213 1813 237 1851 4

275 136 354 177 190
871 136 1000 178 Liber
1032 139 1130 179 XV.

273 260 308 314 ς’.
338 258 427 298 105.
459 259 681 312 vulgatam
710 260 974 313 scripturam
1003 259 1076 316 fiet
1107 263 1377 303 retinendam
1408 275 1509 303 esse
1542 264 1739 317 proxima

272 352 383 378 voce
415 338 587 378 interim
617 340 849 383 indicatur,

823 453 919 500 116
938 477 990 496 =
1007 452 1087 513 28,
1109 452 1187 500 34.

337 551 609 599 detrahitur
633 552 753 599 haec
779 554 958 617 (culis)
988 553 1094 601 ficis
1119 553 1385 601 virentibus
1418 561 1470 601 ut
1496 561 1738 617 putamen,

337 641 566 688 eisdem
605 658 751 704 quae
786 641 832 688 in
867 641 1010 689 siccis
1044 642 1252 689 maxime
1285 643 1457 705 placet.

381 740 525 795 Vulgo
556 740 784 795 legebatur
816 740 977 781 eadem.
1037 741 1166 788 Quod
1196 755 1303 781 vero
1332 740 1525 794 Silligius
1556 756 1579 782 e
1610 743 1737 781 codd.

270 833 292 860 a
308 820 331 859 d
365 820 497 869 dedit,
529 828 774 860 contortam
793 819 936 860 reddit
956 828 1236 868 structuram,
1262 818 1510 860 facillimam
1534 819 1737 870 suun-am,

269 898 340 939 ubi
371 911 467 938 cum
497 898 594 938 cod.
625 907 658 939 Θ
688 898 926 951 scripseris
957 897 1266 958 eisdemque.

830 1008 926 1056 124
943 1032 992 1051 =
1010 1009 1090 1069 29,
1111 1008 1189 1056 37.

335 1109 515 1173 Virgae
537 1105 731 1173 quoque
763 1109 868 1157 eius
898 1116 1116 1173 gestatae
1148 1109 1317 1157 modo
1343 1108 1514 1157 viatori
1534 1117 1738 1173 prosunt

333 1199 379 1247 in
418 1201 561 1263 longo
594 1199 770 1247 itinere
805 1199 974 1264 pediti.

376 1299 651 1341 Vocabulum
684 1315 819 1340 manu
848 1300 965 1355 quod
996 1299 1127 1355 vulgo
1158 1299 1317 1355 legitur
1354 1299 1471 1340 haud
1508 1298 1637 1339 dubie
1669 1306 1737 1340 est

266 1377 591 1432 interpolatum,
623 1377 747 1417 ’nodo
776 1377 893 1432 quod
925 1391 978 1418 ex
1008 1378 1208 1418 omnibus
1237 1377 1360 1419 libris
1390 1378 1505 1421 Mss.
1540 1376 1735 1428 Silligius

264 1458 465 1507 restituit,
497 1458 610 1497 omni
642 1471 778 1497 sensu
810 1470 1006 1498 vacuum.
1078 1456 1191 1503 Quid
1222 1457 1317 1510 ipse
1351 1455 1512 1497 Plinius
1543 1454 1736 1509 scripse-

264 1536 335 1585 rit,
364 1537 552 1576 nonduin
571 1537 766 1577 invenire
786 1536 918 1590 potui.
963 1536 1176 1577 Fortasse
1209 1537 1527 1577 substantivum
1559 1535 1734 1590 aliquod

264 1613 382 1655 velut
404 1612 547 1654 baculi
574 1614 750 1668 excidit,
780 1627 865 1668 quo
884 1614 1038 1668 virgae
1069 1613 1109 1653 in
1142 1614 1314 1654 modum
1336 1615 1546 1668 scipionis
1566 1615 1735 1655 viatorii

264 1694 430 1747 gestari
461 1693 670 1734 dicantur.

812 1795 906 1842 136
925 1819 975 1837 =
997 1795 1075 1855 30,
1096 1795 1176 1842 40.

336 1927 395 1932 -—
442 1896 784 1959 intrepideque
821 1895 1011 1942 miranti
1058 1896 1296 1961 (Liviae)
1342 1895 1550 1944 accessit
1594 1896 1734 1943 mira-

333 1969 519 2047 culu'm,
557 1985 781 2050 quoniam
821 1992 1065 2032 tenentem
1104 1994 1264 2033 rostro
1298 1987 1516 2034 laureum
1548 2003 1733 2035 ramum

331 2090 555 2127 onustum
596 2077 697 2125 suis
730 2076 886 2135 bacis3
924 2075 1202 2124 conservari
1237 2076 1396 2124 alitem
1435 2085 1483 2124 et
1515 2077 1733 2124 subolem

326 2169 518 2216 iussere
548 2167 834 2231 haruspices
871 2173 951 2213 rel.

372 2268 520 2323 Vulgo
554 2273 730 2320 teneret,
758 2267 873 2322 quod
907 2267 987 2307 nisi
1012 2274 1167 2307 contra
1190 2268 1495 2308 auctoritatem
1524 2267 1732 2310 librorum

261 2347 523 2400 optimorum
567 2347 757 2386 retinere
804 2344 933 2392 velis,
985 2344 1217 2385 delendum
1262 2353 1330 2386 est
1368 2346 1732 2400 interpunctionis

260 2426 446 2477 signnm,
483 2432 527 2464 nt
557 2425 613 2464 ita
646 2425 967 2477 coniungantur
994 2424 1150 2464 verba:
1192 2425 1432 2479 „quoniam
1468 2424 1732 2480 haruspices

259 2504 428 2543 iussere
457 2502 599 2542 alitem
629 2500 795 2541 laurum
828 2509 1045 2542 tenentem
1083 2508 1126 2542 et
1156 2502 1353 2544 subolem
1393 2504 1446 2556 (i.
1469 2517 1506 2546 c.
1536 2517 1632 2545 cum
1662 2517 1731 2543 su-

261 2579 380 2632 bole)
412 2580 713 2621 conservat-w.
