1914 3237
304 211 357 255 86
899 213 1014 252 Liber
1061 213 1182 252 XIX.

303 346 391 381 tum
420 344 518 390 seri,
549 354 686 396 neque
716 342 827 382 enim
858 340 969 397 quod
999 340 1137 382 editur
1165 346 1261 382 serit
1292 342 1334 382 in
1365 341 1579 383 codicibus
1610 342 1764 397 reperi-

303 423 388 470 tur,
421 418 574 473 quippe
606 418 716 474 quod
748 433 829 474 quo
860 423 1064 461 reseratur
1094 433 1176 460 non
1208 419 1383 472 habeat,
1423 418 1647 460 delendum
1681 424 1764 472 est3

302 500 515 551 postremo
544 497 779 538 rectissime
818 498 944 553 vulgo
976 502 1073 539 ante
1104 497 1192 539 Sin.
1225 497 1429 538 edebatur
1458 501 1618 546 crescit,
1667 510 1765 538 nam

302 574 539 626 βλαστάνει
568 599 616 604 -
646 575 844 629 βραδέως
874 575 1025 630 legitur
1056 575 1167 630 apud
1197 574 1547 630 Theophrastum.
1595 573 1766 637 Gravis7

304 653 454 693 simum
483 666 582 694 vero
612 653 758 694 vitium
789 666 897 693 unus
921 639 1142 693 Pintianus
1173 653 1469 694 animadvertit
1499 657 1539 694 et
1580 653 1765 694 inemen-

304 730 448 771 datum
479 730 665 785 reliquit:
715 742 823 784 quae
854 731 964 770 enim
1007 733 1237 785 sequuntur
1266 743 1349 771 non
1381 729 1434 770 ad
1481 730 1663 771 ocimum
1692 730 1767 771 sed

305 807 357 848 ad
409 812 545 848 rutam
590 808 801 863 pertinere
845 807 924 848 hoc
972 807 1229 848 Columellae
1275 811 1502 862 praecepto
1549 807 1767 849 docemur:

305 885 475 938 ,Rutam
506 910 554 914 —-
588 890 754 940 oportet
791 885 957 926 runcari
990 907 1037 912 —-
1074 912 1117 917 -—
1153 885 1229 926 sed
1258 885 1398 926 velata
1438 899 1565 926 manu
1598 885 1770 927 debebit

306 963 504 1016 ,runcari:
537 976 661 1018 quam
694 963 774 1004 nisi
804 963 1055 1017 contexeris,
1087 963 1323 1018 perniciosa
1353 967 1583 1005 nascuntur
1612 962 1765 1005 ulcera.

305 1041 363 1094 ‚Si
393 1047 534 1083 tamen
580 1054 656 1096 per
683 1041 966 1096 ignorantiam
1006 1041 1120 1082 nuda
1157 1055 1285 1082 manu
1322 1041 1563 1083 runcaveris
1601 1044 1642 1082 et
1671 1055 1768 1098 pru-

305 1119 409 1174 ,rigo
442 1124 567 1174 atque
598 1124 736 1160 tumor
764 1119 1003 1172 incesserit,
1047 1119 1138 1160 oleo
1170 1119 1349 1161 subinde
1379 1120 1630 1175 perungito.‘
1686 1120 1768 1160 Ita-

305 1211 386 1252 que
416 1198 457 1238 in
489 1196 718 1251 archetypo
755 1204 846 1238 rata
877 1198 1078 1252 scriptum
1119 1197 1285 1239 videtur
1316 1197 1465 1250 fuisse,
1519 1196 1631 1253 quod
1675 1211 1769 1238 cum

305 1276 347 1316 in
377 1283 468 1315 rum
505 1275 801 1329 corrigendum
832 1280 945 1316 esset
981 1276 1023 1316 in
1054 1278 1202 1316 durata
1238 1279 1442 1316 mutatum
1474 1279 1549 1316 est.
1607 1274 1657 1315 In
1687 1275 1770 1316 fine

307 1353 486 1408 denique
509 1352 621 1408 quod
640 1353 882 1394 Harduinus
903 1367 924 1394 e
944 1353 1186 1394 coniectura
1205 1366 1360 1393 novum
1378 1352 1629 1394 vocabulum
1646 1352 1768 1394 finxit

298 1435 508 1483 prurmm's
538 1435 763 1485 propterea
789 1445 873 1472 non
904 1430 1168 1486 probandum
1198 1430 1377 1483 videtur,
1410 1430 1608 1486 quoniam
1639 1444 1663 1471 a
1688 1431 1769 1473 Co-

305 1509 476 1550 lumella
522 1509 630 1549 inter
671 1509 902 1564 pruritum,
961 1508 1224 1549 advenientis
1270 1507 1405 1549 morbi
1444 1508 1666 1561 iudicium,
1730 1512 1772 1550 et

306 1587 449 1628 ulcera
479 1586 772 1642 distinguitur,
812 1600 921 1642 quae
951 1586 1031 1627 nisi
1063 1587 1203 1627 statim
1235 1586 1307 1627 ubi
1338 1586 1541 1639 pruritum
1573 1586 1770 1639 senseris,

305 1665 444 1706 oleum
475 1663 694 1718 adhibeas,
726 1669 1031 1719 superventura
1062 1664 1155 1705 sint.
1215 1663 1361 1719 Itaque
1391 1664 1458 1705 hic
1488 1668 1535 1704 ut
1564 1663 1606 1704 in
1630 1664 1668 1718 §.
1690 1664 1770 1707 162

305 1756 330 1783 a
363 1741 447 1783 Sill.
478 1746 592 1783 recte
621 1741 780 1783 factum
812 1747 888 1795 est,
919 1743 1113 1783 lacunam
1144 1741 1186 1782 in
1216 1741 1444 1797 archetypo
1474 1741 1606 1782 fuisse
1632 1741 1768 1797 suspi-

305 1833 395 1872 cor,
440 1833 617 1874 eamque
648 1832 670 1860 e
701 1820 907 1875 scriptura
953 1820 1172 1860 meliorum
1203 1819 1394 1860 codicum
1433 1823 1640 1871 prorituus
1670 1833 1768 1874 sup-

304 1897 421 1952 pleri.
479 1897 632 1938 Totum
663 1897 790 1951 igitur
819 1899 957 1938 locum
987 1898 1046 1938 ita
1074 1898 1270 1938 restituo:

361 1978 516 2016 Seritur
557 1982 593 2015 el
628 1979 789 2016 surculo
820 2000 871 2005 —
905 1999 956 2004 -
988 1982 1024 2015 el
1054 1988 1097 2015 se
1135 1979 1222 2026 ipsa
1275 2000 1282 2002 ν
1338 1996 1381 2001 -
1417 1977 1569 2015 Eadem
1602 1987 1634 2014 e.
1665 1986 1700 2014 ο.
1730 1987 1769 2014 n.

359 2068 395 2094 n.
426 2068 462 2104 q.
494 2056 530 2094 d.
563 2056 717 2105 crescit,
747 2056 819 2093 sed
846 2061 939 2093 ruta
968 2067 1002 2093 r.
1021 2067 1055 2093 n.
1077 2067 1109 2094 s.
1141 2055 1388 2106 dlslicultate,
1411 2056 1574 2104 pruritu
1605 2065 1769 2093 nascen-

360 2134 461 2172 tibus
491 2134 700 2172 ulceribm.
733 2155 783 2160 —

386 2221 433 2260 In
465 2221 500 2274 ξ.
539 2220 612 2263 151)
641 2233 787 2260 versus
818 2219 986 2260 XXVII
1024 2221 1271 2273 litterarum,
1302 2220 1371 2275 qui
1402 2219 1454 2260 ab
1485 2233 1568 2260 uno
1586 2218 1785 2274 Apuleio‘

305 2303 511 2351 servatur,
543 2298 692 2339 merito
725 2311 749 2338 a
779 2297 865 2340 Sill.
899 2302 1094 2352 receptus
1126 2302 1201 2338 est.

197 2448 277 2489 413
888 2424 978 2471 160
999 2446 1058 2465 =
1077 2424 1202 2480 &470

370 2508 791 2559 comlhnentorum
828 2514 986 2559 tamen
1025 2509 1235 2559 omnium
1280 2508 1485 2557 fastidiis
1524 2507 1765 2556 cuminum

369 2597 725 2646 amicissimum.

413 2683 572 2723 Locum
619 2685 674 2724 ita
721 2685 956 2725 mutilatum
1005 2689 1046 2725 et
1093 2688 1333 2739 corruptum
1385 2695 1478 2723 csso
1525 2683 1769 2735 pronuntiat

305 2760 411 2812 Sill.‚
460 2766 506 2802 ut
536 2776 588 2802 cx
637 2763 791 2802 nostris
839 2762 1037 2802 subsidiis
1082 2762 1244 2802 restitui
1283 2774 1363 2801 non
1394 2759 1538 2814 possit.
1599 2759 1769 2801 Scilicet

305 2838 471 2879 codices
502 2838 660 2879 habent
693 2844 821 2880 omnia
846 2854 945 2895 quq,
977 2839 1088 2880 unde
1120 2853 1200 2880 non
1232 2838 1275 2879 id
1305 2837 1414 2892 quod
1441 2837 1569 2878 Ianus
1589 2836 1769 2892 scripsit,
