1914 3237
664 154 796 195 Liber
824 154 910 195 XI.
945 153 1060 194 XII.
1527 147 1606 189 169

203 284 455 325 necantur.
537 278 770 325 Vultures
807 285 1055 340 unguento
1102 277 1183 341 qui
1228 276 1455 340 fugantur
1489 271 1607 320 alios

207 374 443 431 appetunt
473 366 668 426 odores,
706 365 954 413 scarabaei
986 381 1161 412 rosam.

252 479 442 533 Egregie
473 479 527 518 de
557 477 624 518 liis
645 478 810 528 verbis,
841 491 1025 532 quorum
1056 490 1235 518 sensum
1259 477 1481 518 Pintianus
1508 489 1609 530 ape-

140 560 246 608 ruit,
285 558 440 598 meruit
476 555 688 611 Silligius,
727 557 797 598 cui
838 570 968 611 quum
1006 556 1046 597 in
1080 556 1332 598 universum
1376 557 1612 606 assentiar,

142 649 284 690 pauca
314 643 458 677 tamen
487 635 660 679 facilius
692 636 819 677 etiam
853 635 1076 676 emendari
1106 648 1243 689 posse
1268 634 1470 675 arbitror.
1516 634 1612 675 Sci-

140 713 241 755 licet
259 728 388 768 quum
413 715 508 756 cod.
527 714 567 755 R
598 714 718 770 legat
748 715 1028 771 unquenti—
1055 711 1180 771 fugat
1200 737 1250 744 --
1273 703 1405 753 odor—e
1427 735 1473 742 —
1500 726 1613 759 rosa,

143 793 338 849 Silligius
356 794 656 848 compluribus
676 802 874 836 veterum
907 795 1171 848 scriptorum
1197 792 1309 834 locis
1326 791 1470 832 allatis
1502 792 1613 845 (qui-

143 873 226 913 bus
256 885 280 913 e
316 873 500 913 Pintiani
532 874 814 914 annotatione
842 871 1197 926 Theophrastum
1234 870 1400 911 addere
1442 876 1615 924 poterat

143 950 209 992 De
239 964 359 991 caus.
393 950 523 1004 plant.
557 951 629 991 vl.
650 951 714 1003 4),
745 950 1030 991 scribendum
1062 963 1164 991 esse
1196 951 1393 991 censuit:

201 1053 252 1058 —
283 1035 512 1083 necantur,
542 1029 735 1070 vultures
764 1030 991 1086 unquenti,
1023 1031 1099 1091 qui
1126 1026 1329 1086 fet-qanlcs
1359 1028 1465 1069 alios
1496 1043 1615 1084 appe-

203 1112 300 1147 tunt
329 1105 496 1155 odores,
528 1106 754 1148 scarabaei
781 1122 919 1151 rosa.-

258 1185 400 1231 Quam
444 1186 727 1226 construendi
765 1186 979 1227 duritiem
1004 1187 1086 1227 etsi
1130 1186 1171 1226 in
1208 1185 1345 1227 Plinio
1388 1186 1619 1228 ferendam

146 1278 248 1306 esse
279 1265 544 1315 concedam,
575 1264 751 1306 facilins
787 1273 930 1306 tamen
963 1274 1006 1307 et
1035 1267 1132 1308 cod.
1164 1266 1203 1307 R
1237 1266 1487 1320 scripturae
1517 1279 1619 1307 con-

146 1344 393 1385 venientius
427 1357 509 1384 una
543 1357 655 1385 voce
686 1344 850 1385 inserta
878 1344 1000 1398 lego:

204 1447 256 1454 —-
287 1429 519 1474 necantur,
552 1423 747 1464 vultures
776 1424 1022 1481 unquenti,
1062 1438 1215 1484 quum
1245 1425 1322 1485 qui
1345 1421 1484 1481 fnqat
1515 1422 1621 1463 alios

205 1508 409 1557 appetunt
444 1503 560 1555 (sive
589 1505 758 1556 —ant)
790 1501 991 1553 odorem,
1019 1501 1246 1543 scarabaei
1274 1517 1399 1543 rosa.

148 1581 216 1621 De
252 1594 338 1620 uno
369 1581 481 1620 enim
513 1580 651 1621 odore
678 1581 944 1621 cadaverum
976 1595 1224 1622 sermonem
1258 1595 1360 1622 esse
1390 1582 1536 1636 liquet.
1568 1607 1621 1612 —

150 1660 297 1712 Supra
336 1666 436 1713 post
474 1657 735 1698 commeabat
775 1659 1136 1713 interpunctionis
1178 1660 1348 1716 signum
1388 1660 1623 1702 delendum

151 1751 268 1789 esse,
300 1739 438 1780 verbo
472 1745 636 1779 tantum
667 1744 813 1792 tango.

718 1907 914 1963 unna
947 1907 1058 1964 xn.

735 2032 798 2079 29
820 2057 865 2075 =
887 2032 935 2093 7,
960 2033 1036 2080 14.
1653 2049 1734 2089 ω

222 2131 346 2196 Quis
385 2132 463 2179 illo
494 2132 679 2196 primus
720 2133 938 2197 experiri
974 2134 1172 2198 (piper)
1211 2132 1330 2180 cibis
1361 2133 1513 2181 voluit
1547 2141 1630 2180 aut

223 2221 301 2269 cui
332 2222 379 2269 in
414 2223 704 2287 appetenda
741 2223 969 2271 aviditate
1001 2223 1192 2271 esurire
1221 2239 1317 2271 non
1350 2223 1441 2271 fuit
1472 2223 1628 2271 satis?

267 2323 499 2364 Vocabula
541 2323 781 2379 appetenda
817 2323 1026 2365 aviditate
1063 2323 1168 2365 ferri
1206 2331 1249 2365 et
1287 2323 1500 2378 explicari
1544 2337 1627 2364 non

156 2414 289 2454 posse
317 2401 424 2441 vidit
452 2401 664 2455 Silligius:
698 2402 919 2443 aviditatis
949 2402 1062 2443 enim
1093 2410 1161 2444 est
1190 2410 1405 2457 appetere
1435 2418 1520 2443 non
1554 2416 1629 2457 ap-

157 2479 257 2533 peti.
300 2480 418 2520 Idem
453 2481 569 2535 quod
600 2481 641 2522 in
673 2482 769 2525 cod.
799 2496 820 2523 r
849 2482 1030 2523 inveniri
1049 2482 1364 2536 Dalecampius
1395 2483 1526 2523 tradit
1557 2496 1630 2523 ex-

153 2556 336 2611 plenda,
389 2573 412 2599 e
457 2557 610 2612 glossa
656 2568 796 2601 ortum
841 2574 943 2602 esse
987 2560 1198 2601 intellexit
1242 2569 1284 2602 ct
1330 2563 1630 2602 coniecturam

159 2636 371 2692 Wagneri
414 2640 486 2679 cui
524 2641 570 2679 in
609 2640 846 2696 appetendo
897 2640 1098 2681 aviditati
1143 2649 1189 2682 ut
1234 2641 1631 2696 ingeniosissimam

158 2718 494 2760 commendavit.
534 2719 848 2762 Verumtamen
878 2720 944 2761 sic
972 2727 1015 2761 et
1045 2720 1132 2762 duo
1162 2721 1384 2764 vocabula
1415 2728 1634 2763 mutantur

158 2805 201 2838 et
229 2797 354 2839 nimis
384 2801 624 2844 artificiosa
652 2802 837 2845 subiecti
869 2801 1046 2843 mutatio
1076 2801 1379 2844 introducitur.
1422 2800 1634 2856 Displicet
