1914 3237
218 142 300 187 102
831 146 946 185 Liber
973 148 1070 186 XX.

271 276 400 313 sativo
437 285 584 324 sapore
614 277 858 328 proximum,
878 278 911 325 s.
943 290 981 318 α.
1013 290 1047 317 c.
1078 279 1112 318 b.
1143 289 1177 318 c.
1207 291 1241 318 r.
1271 292 1320 318 ru.
1351 292 1389 320 α.
1417 292 1449 319 ε.
1481 303 1530 308 —
1571 292 1603 320 e.
1634 282 1679 320 E.

272 364 303 393 e.
335 365 373 393 a.
402 364 545 406 oenus,
578 377 632 382 —
665 356 753 402 sere
783 357 1068 407 0.1·ylapccllzicin
1098 362 1260 408 voccml,
1291 379 1344 385 —-
1369 359 1485 397 salivi
1514 360 1681 398 dissimi-

272 433 346 470 lius
374 435 411 470 el
441 433 620 471 acutiore
647 434 747 481 folio
776 446 825 473 ac
854 436 1039 474 rubriore
1067 433 1139 475 rel.

343 507 378 562 §.
409 507 490 551 232
547 509 752 565 Apuleius
792 510 972 552 fortasse
1011 515 1126 552 recte
1166 515 1264 553 ante
1301 526 1340 553 v.
1377 516 1571 554 silvestria
1609 513 1682 554 ad-

225 585 331 626 didit
360 589 432 626 sed
461 590 604 628 omm'a.
658 588 695 642 3.
727 588 807 631 242
838 588 948 629 idem
980 602 1062 630 non
1095 593 1232 629 viridis
1259 603 1387 631 semen
1420 591 1493 632 sed
1523 595 1681 633 viridem

215 677 343 704 semen
376 664 501 720 legit,
551 665 663 720 quod
696 679 791 706 eum
829 666 1020 707 contritis
1052 666 1282 708 seminibus
1321 667 1356 721 3.
1388 668 1465 711 241
1496 683 1682 724 oppona-

217 746 297 795 tur,
328 741 370 783 in
402 745 526 783 viride
555 756 683 783 semen
714 743 962 784 mutandum
992 743 1136 799 itaque
1165 744 1452 799 recipiendum
1472 751 1548 789 est.
1582 751 1683 788 Nam

218 820 338 873 §.245
370 823 484 861 recte
514 819 670 861 ibidem
700 821 910 863 inseritur.
941 822 979 876 3.
998 821 1077 864 252
1106 835 1181 876 pro
1201 826 1311 863 inlini
1334 827 1439 876 ilem,
1472 837 1553 879 quo
1585 837 1683 866 con-

218 897 408 940 cinnitati
438 881 694 952 con'sulatur,
725 899 907 941 scribere
926 899 1068 941 malim
1095 903 1243 942 illitum.

108 1012 192 1057 444
633 1016 972 1072 253=23,94.
1015 1014 1104 1074 (de
1134 1017 1292 1073 meo).

286 1098 498 1150 nobilius
543 1100 937 1151 Athamanticum
983 1106 1188 1160 vocant,
1245 1100 1312 1150 illi
1346 1106 1589 1165 tamquam
1625 1101 1684 1151 ab

287 1188 582 1238 Athamante
619 1189 892 1248 Inventum,
934 1189 995 1248 hi,
1037 1190 1262 1254 quoniam
1301 1189 1685 1239 laudatissimum

286 1278 332 1327 in
368 1276 664 1326 Athamante
702 1278 982 1343 repenatur.

299 1364 594 1407 Macedoniam
625 1365 895 1407 Dioscorides
925 1365 957 1406 Ι.
985 1366 1009 1408 3
1044 1365 1246 1417 nominat,
1280 1363 1564 1406 Athamaniae
1593 1364 1685 1405 fini-

218 1443 376 1484 timam.
433 1441 556 1484 Hanc
596 1443 721 1497 igitur
751 1444 912 1484 Plinius
959 1455 1315 1485 commemorasse
1354 1441 1566 1496 putandus
1611 1446 1684 1482 est.

218 1520 380 1570 Quodsi
413 1520 651 1575 Apuleium,
683 1521 752 1576 qui
782 1521 962 1576 primum
991 1535 1146 1563 nomen
1178 1520 1237 1561 ita
1263 1520 1451 1574 scripsit:
1484 1522 1687 1559 adamant.

219 1602 284 1641 hic
320 1612 407 1640 cum
454 1601 586 1638 velata
624 1601 826 1649 mcmiclm,
872 1599 1065 1640 ultimum
1111 1601 1338 1639 athamania
1391 1597 1467 1650 (cf.
1509 1596 1595 1638 Sill.
1636 1596 1686 1638 V.

219 1691 259 1732 p.
289 1675 413 1730 XLI)
447 1689 596 1729 presse>
623 1677 859 1731 sequimur,
889 1676 1117 1732 legendum
1147 1689 1243 1718 esse
1273 1675 1576 1729 intelligemus:

274 1769 310 1796 n.
340 1757 661 1795 Athamanticum
703 1758 765 1795 vel
793 1758 1095 1796 Atleamanicum
1131 1768 1166 1796 v.
1196 1758 1221 1796 i.
1252 1762 1276 1794 l.
1309 1768 1346 1794 u.
1378 1757 1426 1793 Α.
1468 1755 1492 1792 ι’.
1524 1755 1562 1792 le.
1595 1766 1632 1802 q.
1662 1755 1686 1791 l.

273 1823 314 1874 in'
344 1835 583 1873 Athamania
613 1847 646 1874 r.

328 1909 477 1952 Finem
508 1898 705 1951 sectionis
737 1923 761 1951 a
792 1909 952 1965 Silligio
983 1910 1134 1951 mirum
1162 1910 1204 1950 in
1242 1907 1412 1950 modum
1445 1910 1688 1961 corruptum

220 1990 347 2031 Ianus
376 1987 639 2041 emendavit,
678 2001 806 2028 unum
837 1988 1132 2042 praetermisit.
1194 1987 1332 2035 Quum
1364 1986 1475 2027 enim
1508 1984 1591 2025 mei
1620 1997 1684 2024 ra-

221 2066 336 2108 dices
374 2080 400 2107 a
437 2065 687 2108 Dioscoride
736 2064 982 2121 ὖστερικαῒς
1021 2081 1065 2107 τε
1115 2065 1344 2107 διαθέσεσι
1382 2067 1455 2105 καὶ
1504 2063 1686 2117 ἄρθρων

219 2144 374 2194 πόνοις
403 2144 606 2200 prodesse
645 2143 858 2196 dicantur,
897 2148 1076 2198 apparet
1105 2143 1216 2198 apud
1246 2142 1430 2182 Plinium
1471 2154 1554 2181 non
1594 2146 1687 2192 post

219 2237 257 2265 v.
288 2226 396 2274 vicia,
426 2227 472 2264 ut
501 2223 626 2276 vulgo
656 2221 715 2274 fit,
748 2220 824 2262 sed
853 2225 949 2276 post
979 2235 1015 2262 v.
1036 2225 1316 2271 vulvarumque
1338 2219 1396 2260 sic
1423 2218 1684 2272 distinguen-

220 2299 319 2342 dum
344 2314 459 2341 esse:

273 2372 442 2421 l‘ormina
472 2385 509 2419 el
530 2380 683 2419 vesicae
711 2380 806 2418 vitia
837 2380 1127 2427 vulvarumque,
1160 2378 1340 2416 articulis
1370 2388 1456 2416 cum
1483 2377 1592 2414 melle
1611 2372 1685 2413 rel.

111 2502 192 2546 445
491 2504 829 2558 25432335.
876 2501 965 2560 (de
1001 2500 1197 2549 feniculi
1233 2504 1399 2556 suco).

287 2589 542 2654 Colligitur
578 2589 656 2637 hie
695 2588 833 2637 caule
872 2594 1185 2653 turgescente
1223 2593 1269 2637 et
1307 2588 1349 2636 in
1389 2585 1493 2635 sole
1531 2586 1685 2634 sicca-

284 2684 360 2727 tur
409 2678 789 2741 inunguiturque
861 2692 919 2725 ex
975 2675 1152 2738 nielle;
1225 2677 1290 2733 l·-
1356 2674 1532 2738 ubique
1589 2673 1682 2723 hoc

289 2773 364 2817 est
398 2764 506 2825 ——l3
560 2765 922 2814 laudatissimus
957 2764 1002 2812 in
1040 2763 1195 2814 Iberia
1231 2779 1256 2811 e
1296 2762 1504 2811 lacrimis
1551 2762 1602 2811 fit
1638 2766 1685 2811 et

1902 2093 1910 2168 ⁴—-...
