1914 3237
192 970 274 1013 420

191 1865 270 1908 421

303 190 358 235 90
897 196 1014 236 Liber
1051 167 1171 239 XIX.>

304 321 356 362 ab
386 321 604 363 Harduino
636 324 695 364 ita
734 323 962 365 laudantur
994 326 1115 380 quasi
1155 340 1249 368 cum
1280 328 1370 368 eius
1400 327 1580 369 lectione
1611 329 1766 383 optime

304 399 590 453 concilientur,
623 402 845 443 manifesto
877 403 1027 445 elucet.
1072 404 1219 446 πάντα
1251 406 1299 448 δὲ
1329 409 1401 447 καὶ
1431 406 1667 461 ξηρότερα,
1704 407 1766 448 in-

303 477 405 532 quit,
435 482 521 519 τῶν
551 476 721 535 ἡμέρων
758 484 830 522 καὶ
862 481 967 530 ἴσως
1009 480 1128 539 αὐτῷ
1168 483 1307 541 τούτῳ
1339 483 1393 524 τά
1423 499 1472 536 γε
1514 484 1656 527 πολλὰ
1695 488 1771 527 καὶ

303 555 539 611 δριμύτερα
570 560 643 598 καὶ
673 556 947 613 ἰσχυρότερα.
990 559 1100 606 Quid
1133 561 1259 614 igitur
1288 562 1375 602 fieri
1403 567 1569 616 oportet
1600 575 1653 603 ne
1685 562 1768 603 Pli-

303 634 396 673 nius
429 634 536 674 illius
567 635 645 675 loci
678 635 800 689 plane
832 637 1043 677 contraria
1073 637 1211 678 dicere
1242 638 1462 680 videatur?
1505 639 1599 681 Una
1629 640 1769 681 littera

303 724 411 765 quae
450 725 543 751 cum
584 713 715 753 semel
753 713 976 754 scribenda
1014 720 1148 767 esset,
1194 716 1275 756 levi
1324 729 1463 756 errore
1511 719 1689 772 repetita
1725 719 1766 759 in

303 789 655 843 praepositionem
688 796 884 846 corrupta
916 796 992 843 cst,
1025 792 1164 833 deleta
1196 794 1422 834 scribatur:

362 870 401 915 O.
433 882 464 907 S.
495 872 703 920 silvestria,
727 874 864 910 eadem
883 874 1019 911 salivis
1047 886 1076 913 s,
1108 875 1130 912 ι’.
1156 884 1189 911 e.
1221 886 1257 912 a.

848 962 938 1009 186
977 979 1021 996 ³2·ss
1069 965 1220 1019 1261.

368 1043 583 1110 Namque
629 1051 677 1095 01
730 1062 958 1097 sucorum
1013 1064 1339 1113 saporumque
1387 1049 1595 1098 dicenda
1633 1049 1769 1099 diffe-

368 1135 521 1182 10111111
556 1139 630 1183 est
669 1133 745 1183 vel
781 1136 932 1185 maior
967 1137 1013 1184 111
1051 1136 1126 1185 his
1162 1152 1304 1200 quam
1339 1137 1383 1185 11]
1424 1137 1596 1201 pomis.

412 1221 492 1269 Qui
539 1222 709 1263 tandem
754 1223 888 1264 maior
939 1224 1176 1265 differentia
1222 1224 1303 1265 dici
1344 1225 1498 1279 poterit
1544 1238 1651 1280 quae
1693 1224 1766 1265 ali-

302 1305 458 1355 quanto
509 1300 644 1340 minor
685 1301 777 1342 est?
834 1301 941 1342 XIII
972 1303 1083 1343 enim
1128 1316 1325 1357 saporum
1377 1316 1534 1357 genera
1585 1302 1684 1343 dum
1715 1301 1767 1343 de

302 1378 438 1433 pomis
487 1379 596 1433 agit,
639 1378 735 1419 XV.
768 1380 847 1422 100·
891 1384 1230 1433 enumeraverat,
1278 1380 1345 1420 hic
1376 1380 1412 1419 V
1450 1384 1612 1421 tantum
1655 1393 1768 1421 com-

301 1460 522 1497 memorat.
582 1456 751 1497 Scilicet
779 1457 941 1498 Plinius
972 1471 1056 1498 11011
1097 1457 1201 1498 haec
1232 1458 1457 1512 scripserat
1505 1471 1612 1512 quae
1642 1457 1768 1513 vulgo

302 1547 324 1573 e
347 1533 561 1574 codicibus
583 1533 792 1588 leguntur,
825 1535 898 1575 sed
930 1549 981 1576 ea
1010 1549 1117 1590 quac
1138 1535 1249 1590 apud
1274 1536 1512 1590 Apuleium,
1542 1549 1626 1576 non
1645 1549 1768 1590 quem

300 1610 341 1651 h.
363 1611 387 1653 1.
408 1611 650 1665 interpolari
680 1625 704 1652 a
733 1612 819 1653 Sill.
853 1612 989 1666 video,
1018 1612 1093 1653 sed
1125 1626 1269 1654 verum
1301 1613 1596 1668 integrumque
1622 1613 1702 1654 vol.
1719 1614 1767 1653 V.

301 1703 341 1743 p.
371 1688 521 1729 XXXI
550 1689 768 1743 leguntur:

356 1770 529 1807 (licenda
560 1770 784 1817 differentia
816 1776 873 1809 ese
901 1772 941 1809 in
969 1771 1031 1808 leis
1060 1772 1198 1809 sicut
1229 1771 1267 1808 in
1295 1771 1433 1819 pomis.

368 1843 491 1894 Sunt
527 1850 685 1893 autem
723 1861 862 1894 acres
900 1845 1104 1905 cunilae,
1143 1846 1344 1909 origani,
1385 1846 1599 1894 nasturtii
1639 1846 1767 1895 sina-

368 1933 441 1997 pis
476 1960 538 1967 --
574 1962 634 1968 —-
664 1934 792 1983 acuti
829 1934 1009 1997 thymi,
1066 1933 1270 1992 cunilae,
1307 1933 1432 1982 acuti
1484 1938 1530 1983 01
1580 1933 1767 1984 odorati

371 2020 454 2069 rel.

414 2108 591 2150 Cunilae
620 2121 775 2149 nomen
814 2110 1015 2150 alterutro
1048 2109 1138 2150 loco
1170 2113 1411 2163 corruptum
1443 2121 1537 2149 esse
1568 2113 1768 2163 apparet:

303 2186 456 2227 iniuria
503 2190 644 2227 tamen
689 2186 827 2240 priore
866 2186 950 2228 Sill.
990 2187 1229 2227 sollicitavit
1275 2186 1345 2240 qui
1403 2199 1555 2226 nomen
1613 2185 1770 2226 herbae

303 2265 473 2319 ignotae
502 2264 633 2304 latere
665 2264 914 2318 suspicatur.
955 2264 1064 2304 Nam
1096 2277 1203 2319 quae
1235 2263 1553 2317 Theophrastus
1584 2265 1615 2304 Ι.
1649 2264 1713 2305 12.
1747 2265 1767 2305 1

305 2341 470 2382 dixerat
513 2341 554 2383 οἱ
591 2342 640 2383 δὲ
691 2341 992 2396 δριμεῖς-οἱον
1043 2340 1249 2398 ὀριγάνου
1292 2341 1493 2395 θύμβρας
1539 2339 1768 2395 καρδάμου

305 2422 472 2468 νάπυος
503 2433 553 2460 011
582 2419 742 2459 Plinius
774 2419 827 2459 ad
867 2418 1040 2460 verbum
1082 2420 1296 2460 transtulit
1337 2419 1395 2459 ita
1440 2425 1486 2459 ut
1532 2417 1768 2472 thymbram

306 2497 487 2538 cunilam
517 2497 770 2551 appellaret,
817 2496 867 2539 cf.
898 2496 1016 2537 XIX.
1056 2497 1140 2539 165.
1201 2496 1358 2537 Contra
1388 2497 1519 2537 altero
1562 2496 1652 2536 loco
1684 2509 1767 2536 non

307 2573 702 2628 cimilaetelcgendum
720 2580 784 2614 est
799 2578 1028 2624 (cztlze‘cnlae
1052 2574 1117 2627 d),
1146 2574 1219 2615 sed
1240 2578 1487 2625 czctze'lnsse'ne's,
1520 2573 1636 2613 cuius
1656 2573 1769 2613 vocis

307 2652 479 2692 ultimae
512 2652 677 2692 litterae
709 2665 801 2691 cuni
834 2652 977 2706 primis
1009 2652 1201 2692 vocabuli
1233 2654 1340 2691 (lculi
1370 2649 1626 2690 coaluerunt.
1689 2649 1767 2690 Oo-

309 2743 457 2784 nyzam
488 2729 598 2769 enim
630 2730 827 2769 feminam
854 2729 969 2770 XXI.
1003 2731 1055 2771 58
1086 2729 1316 2770 acutiorem
1347 2732 1481 2777 vocat,
1507 2726 1768 2781 eandemque

310 2806 590 2862 cunilaginem
624 2820 718 2848 esse
743 2806 857 2847 XIX.
896 2808 969 2850 1135
994 2806 1132 2848 tradit.
1191 2806 1238 2846 In
1268 2805 1459 2860 proximo
1496 2818 1623 2845 sensu
1654 2806 1768 2860 Apu-
