1914 3237
740 183 858 224 Liber
887 184 933 223 X
941 183 1008 222 VI.
1543 176 1596 220 25

136 328 161 354 a
191 314 231 354 S.
263 314 294 355 Ι.
325 313 495 367 vulgato
525 315 741 353 siccissima
759 311 1042 366 posthabitam
1069 326 1175 355 esse.
1206 312 1315 354 Nam
1345 306 1598 350 πυκνότατα

134 393 214 446 μὲν
264 390 363 443 οὖν,
406 390 722 445 Theophrastus
753 390 907 444 inquit,
946 390 1070 431 δοκεῖ
1096 398 1169 435 καὶ
1205 398 1433 453 βαρύτατα
1464 397 1600 446 πύξος

135 470 250 512 δῖναι
280 468 503 522 καὶὲβενος
533 500 541 508 .
574 500 581 508 .
613 500 622 509 .
652 472 740 509 τῶν
771 467 959 510 &dmm
989 466 1011 510 ὃ
1042 471 1190 521 λωτός.

658 581 752 627 209
790 594 842 612 :-
879 581 953 637 40,
992 583 1069 628 77,
1632 574 1710 618 ‘291

199 708 258 714 -—
296 679 342 727 in
380 693 475 742 quo
514 683 626 739 sunt
660 693 844 743 genere
883 678 984 736 fici,
1024 679 1173 739 salix,
1211 681 1294 733 rel.

242 767 337 808 Non
370 770 523 821 συκῆν,
561 766 636 807 sed
675 767 918 820 συκάμινον
955 767 1247 812 nominaverat
1283 770 1603 826 Theophrastus

136 844 186 886 V.
218 846 254 888 3.
287 846 313 886 4
342 846 365 886 i.
407 858 442 885 e.
480 845 603 885 ficum
643 845 919 899 Aegyptiam,
968 845 1085 886 cuius
1123 849 1323 890 materies
1369 849 1604 890 utilissimis

137 927 437 964 annumeratur
468 938 493 964 a
522 924 658 964 Plinio
688 922 806 964 XIII.
835 924 900 966 57.
932 925 978 964 In
1009 924 1152 965 codice
1184 926 1410 982 archetypo
1443 941 1604 982 paucae

136 1005 298 1042 tantum
328 1002 493 1042 litterae
534 1015 693 1056 eaeque
730 1007 950 1056 corruptae
989 1004 1309 1058 reperiebantur
1340 1013 1382 1046 ut
1410 1009 1532 1058 haec,
1562 1005 1604 1046 in

108 1058 226 1121 ‘cod.
259 1094 283 1120 a
314 1079 487 1134 egregia
517 1078 598 1120 fide
625 1079 883 1134 descriptae,
930 1081 972 1121 in
1003 1082 1093 1123 cod.
1127 1082 1177 1135 d,¹
1199 1084 1269 1138 qui
1294 1086 1433 1132 frutex
1462 1083 1604 1136 habet,

135 1158 352 1213 ingeniose
384 1157 674 1211 interpolatae.
735 1157 897 1205 Quibus
930 1159 1080 1200 litteris
1112 1169 1154 1199 m
1182 1164 1283 1201 haec
1325 1161 1471 1203 addita
1497 1175 1605 1216 quae

137 1236 318 1290 perierat
363 1235 525 1289 syllaba
570 1250 645 1285 aeg)
694 1236 830 1290 ipsum
872 1237 973 1278 illud
1012 1238 1124 1293 quod
1169 1240 1380 1280 sententia
1420 1240 1608 1294 poscitur

140 1314 316 1369 emergit
349 1318 578 1366 „teqyptiaa

662 1429 757 1474 216
793 1441 847 1460 =
884 1430 959 1484 40,
999 1431 1075 1475 79.
1637 1442 1717 1488 ‘292

206 1514 375 1565 Nonne
428 1513 738 1563 simulacrum
775 1514 980 1564 Veiovis
1032 1515 1079 1563 iu
1136 1531 1246 1565 arco
1298 1532 1324 1566 e
1372 1531 1607 1581 cupresso

205 1603 343 1651 durat
378 1618 405 1650 a
441 1603 638 1651 condita
668 1603 786 1651 urbe
824 1601 1027 1652 DCLXI.
1067 1620 1193 1655 anno
1233 1606 1479 1655 dicatum?

251 1690 504 1744 Corruptuni
547 1703 764 1729 numerum
815 1691 1000 1745 appellat
1044 1691 1218 1733 Preller.
1263 1693 1436 1748 mythol.
1486 1692 1607 1733 Rom.

140 1783 178 1823 p.
217 1770 309 1819 12ῑί131,
342 1781 398 1808 sc.
430 1767 646 1822 vulgatum
677 1768 792 1808 illum
824 1781 946 1823 quem
980 1783 1001 1809 e
1033 1770 1248 1811 codicibus
1280 1771 1491 1826 corrigere
1523 1770 1609 1812 Sill.

140 1847 226 1887 Ian.
266 1846 567 1900 neglexerunt,
611 1852 845 1887 correctum
884 1847 1073 1888 exhibuit
1102 1848 1274 1890 Iahnius
1314 1851 1355 1890 in
1386 1853 1610 1890 comment.

143 1924 502 1967 Saxonicis'1847.
534 1939 573 1979 p.
600 1925 692 1966 49⁶2.
713 1924 851 1965 DLXI
882 1925 1034 1980 legitur
1065 1926 1107 1966 in
1126 1927 1209 1979 Td,
1241 1928 1322 1968 levi
1354 1941 1494 1968 errore
1512 1926 1612 1968 DLI

141 2003 182 2042 in
215 2004 266 2054 D,
298 2001 475 2042 DCLXl
505 2003 546 2042 in
577 2002 668 2043 cod.
701 2016 725 2042 a
754 2003 779 2043 i.
812 2015 847 2044 e.
879 2002 988 2043 falsa
1018 2008 1118 2044 nota
1144 2004 1176 2045 C
1199 2009 1422 2059 expuncta.
1460 2006 1610 2045 Annus

139 2087 280 2122 autem
312 2059 454 2123 D'LXJ.
487 2094 509 2120 e
552 2080 672 2121 fastis
706 2080 957 2135 Capitolinis
996 2081 1107 2122 idem
1147 2086 1211 2122 est
1249 2083 1319 2137 qui
1355 2097 1377 2123 e
1408 2083 1611 2137 Varronis

138 2173 238 2200 aera
280 2159 357 2199 fuit
395 2159 576 2210 DLXH,
632 2173 712 2213 quo
754 2173 863 2199 anno
909 2159 1126 2200 dedicatas
1162 2160 1293 2200 fuisse
1334 2160 1463 2201 aedes
1504 2160 1609 2202 duas

138 2237 248 2278 Iovis
281 2237 320 2277 in
356 2237 589 2292 Capitolio,
640 2237 801 2277 Diiovis
841 2241 882 2277 et
920 2237 1090 2278 Veiovis
1128 2237 1243 2277 haud
1275 2237 1423 2291 dubie,
1466 2238 1608 2279 Livius

67 2366 70 2368 μ
138 2315 280 2355 retulit
308 2315 489 2355 XXXV.
518 2317 582 2357 41.
618 2319 713 2355 urhe
744 2315 942 2355 omittunt
975 2328 1000 2355 a
1020 2314 1066 2367 d,
1113 2315 1225 2370 quod
1253 2316 1408 2357 idcirco
1440 2329 1606 2369 moneo,

140 2405 192 2432 ne
223 2397 379 2432 temere
410 2393 683 2448 archetypum
715 2394 961 2433 lacunosum
993 2393 1231 2448 appellasse
1267 2394 1424 2435 videar.

661 2506 755 2553 ‘220
794 2518 841 2537 Ξ
882 2506 956 2561 41,
993 2505 1071 2552 80.
1636 2501 1716 2546 ‘293

205 2601 437 2662 Quartum
474 2607 547 2651 est
583 2608 630 2651 et
666 2619 692 2651 e
725 2602 1099 2652 vermiculorum
1119 2619 1318 2668 genere,
1356 2610 1403 2652 et
1437 2619 1604 2654 eorum

202 2689 280 2738 alii
319 2696 629 2754 putrescente
668 2707 787 2740 suco
825 2693 931 2755 ipsa
966 2692 1187 2749 materie,
1242 2691 1319 2740 alii
1358 2693 1606 2756 pariuntur

202 2778 327 2827 sicut
360 2779 407 2827 in
444 2778 698 2829 arboribus
736 2795 796 2827 ex
827 2794 886 2828 eo
925 2779 1006 2844 qui
1044 2783 1262 2829 cerastes
1298 2785 1515 2830 vocatur.
