1914 3237
346 146 399 187 18
969 139 1101 181 Liber
1130 140 1201 183 II.

266 275 320 316 ‘23
901 264 995 312 141
1021 288 1064 306 =
1086 265 1168 326 53,
1188 264 1268 313 54.

410 369 662 431 Imperare
690 372 893 414 naturae
930 382 1085 427 sacra,
1122 364 1321 414 audacis
1358 371 1434 413 est
1465 365 1687 428 credere,
1724 383 1814 415 nec

411 457 566 506 minus
587 456 792 518 hebetis,
812 455 1144 505 beneficiis
1179 458 1414 521 abrogare
1444 455 1590 518 vires,
1622 456 1814 521 quando

407 547 458 596 in
501 548 746 612 fulgurum
798 563 990 611 quoque
1045 547 1447 612 interpretatione
1502 564 1560 595 co
1606 547 1816 612 profecit

407 637 611 686 scientia
640 644 694 686 ut
725 644 928 686 ventura
957 637 1050 685 alia
1084 637 1221 686 finito
1255 638 1335 687 die
1370 638 1622 702 praecinat
1664 643 1745 684 rel.

453 738 648 792 Egregie
678 735 873 790 Silligius
905 749 929 777 e
961 736 1083 778 libris
1116 737 1228 780 Mss.
1257 751 1416 780 vocem
1448 751 1576 778 sacra
1610 737 1814 791 restituit,

341 830 429 872 qua
458 817 512 858 ad
540 816 687 859 locum
718 815 992 869 superiorem
1024 817 1335 859 remandamur
1359 817 1507 872 §.140,
1540 817 1611 858 ubi
1639 816 1813 871 „sacris

342 896 601 951 quibusdam
635 901 678 935 et
704 894 1033 948 precationibus
1053 894 1234 935 fulmina
1256 895 1356 950 cogi
1374 895 1445 936 vel
1473 895 1728 948 impetrari“
1757 895 1815 935 di-

342 981 518 1018 cuntur.
578 973 751 1014 Vellem
778 972 962 1013 alterum
990 972 1256 1014 vocabulum
1280 973 1588 1028 emendasset‚“
1607 987 1692 1028 quo
1713 985 1814 1028 pre-

341 1054 541 1095 cationes
564 1052 827 1094 indicantur,
878 1050 1111 1091 Beneficiis
1146 1051 1257 1092 enim
1287 1060 1473 1093 naturae
1495 1052 1613 1094 vires
1642 1051 1814 1093 minime

339 1133 624 1186 abrogantur,
655 1130 852 1186 quamvis
873 1130 1204 1183 precationibus
1234 1129 1490 1172 efficacibus
1518 1130 1812 1172 inhumanum

340 1225 481 1266 genus
511 1209 725 1251 beneficia
758 1207 1067 1262 conferantur,
1106 1209 1187 1249 sed
1222 1210 1432 1264 precibus
1471 1222 1527 1250 ac
1566 1209 1814 1250 devotioni-

339 1292 423 1332 bus
454 1289 719 1342 arcanisque
751 1287 1009 1342 quibusdam
1042 1287 1210 1329 ritibus.
1270 1287 1393 1329 Sicut
1422 1288 1552 1342 igitur
1580 1287 1706 1342 §.54.
1733 1300 1814 1328 ve-

339 1369 499 1410 neficia
534 1369 578 1409 iu
615 1367 747 1408 lunae
789 1365 966 1407 defectu
1011 1365 1162 1420 argui,
1199 1366 1425 1410 XXV.10.
1464 1366 1562 1408 loco
1597 1365 1812 1407 simillimo

339 1449 530 1501 ratione,
565 1459 652 1487 non
688 1444 918 1487 veneficiis
955 1450 997 1485 et
1027 1443 1178 1485 herbis
1217 1443 1326 1486 solis
1360 1444 1578 1501 lunaeque
1610 1443 1812 1486 defectus

341 1525 638 1581 praenuntiari
668 1523 884 1576 dicuntur,
917 1523 978 1563 ita
1007 1521 1047 1563 h.
1072 1522 1098 1564 l.
1127 1522 1300 1565 hebetis
1332 1531 1401 1566 est

735 1599 1022 1655 veneficiis
1051 1598 1258 1657 abroyare
1286 1603 1412 1643 vires,
1476 1587 1522 1655 3⁷}ss
1668 1580 1684 1637 ‘j'

1499 1677 1501 1679 r
1533 1661 1538 1677 l

262 1724 317 1766 24
898 1702 994 1749 143
1018 1727 1061 1744 =
1084 1702 1165 1762 54,
1186 1702 1265 1751 55.
1430 1691 1439 1723 1¹
1485 1669 1539 1730 '3³'

406 1798 465 1847 In
496 1794 711 1845 sedecim
743 1798 907 1857 partes
945 1793 1131 1840 caelum
1171 1791 1218 1840 in
1267 1808 1326 1840 eo
1363 1798 1660 1856 respectu
1695 1790 1813 1839 divi-

408 1906 520 1938 sere
556 1883 727 1935 Tusci.

453 1979 530 2021 Sic
565 1991 620 2018 ex
651 1973 841 2028 antiquis
873 1971 1134 2013 editionibus
1166 1970 1376 2026 Silligius.
1434 1971 1594 2014 Melius
1624 1971 1816 2013 Hardui-

339 2073 424 2101 nus
441 2071 465 2100 e
486 2056 613 2099 codd.
629 2053 706 2094 ad2
723 2067 743 2094 r
762 2057 952 2107 aspectu:
984 2049 1126 2092 malim
1147 2058 1290 2092 tamen
1323 2064 1420 2092 cum
1441 2049 1601 2093 RSTd¹
1633 2054 1814 2105 spectu

340 2137 562 2192 recipere‚
591 2138 638 2174 ut
664 2131 834 2174 rariore
864 2128 1084 2171 vocabulo
1114 2130 1287 2184 spectio
1320 2128 1429 2172 caeli
1460 2129 1744 2184 significetur.

265 2254 319 2295 25
897 2231 993 2279 149
1015 2256 1059 2273 z
1079 2231 1161 2292 58,
1180 2232 1260 2280 59.

413 2327 678 2375 Celebrant
710 2322 895 2373 Gracci
939 2324 1263 2387 Anaxagoran
1301 2352 1369 2358 —-
1406 2319 1713 2386 praedixisse
1748 2347 1815 2354 —

407 2417 582 2483 quibus
614 2415 786 2463 diebus
823 2430 994 2461 saxum
1033 2429 1257 2461 casurum
1287 2425 1416 2460 esset
1450 2429 1476 2459 e
1508 2412 1628 2471 sole,
1660 2409 1808 2474 idque

409 2509 591 2556 factum
633 2504 847 2554 interdiu
891 2504 938 2551 in
979 2504 1223 2552 Thraciae
1260 2510 1398 2568 parte
1433 2502 1493 2550 ad
1529 2502 1693 2564 Aegos
1725 2500 1814 2547 flu-

410 2614 535 2646 men.
592 2596 692 2661 Qui
723 2595 844 2659 lapis
876 2594 1151 2643 etiamnunc
1183 2592 1454 2642 ostenditur
1486 2588 1815 2654 magnitudine

406 2688 559 2748 vehis,
598 2688 762 2735 colore
792 2685 980 2745 aduste,
1015 2691 1248 2734 comete
1284 2698 1525 2749 quoque
1555 2679 1683 2728 illis
1711 2695 1814 2728 no-

410 2778 609 2826 ctibus
645 2778 975 2840 flagrante.
