1914 3237
728 166 861 208 Liber
890 166 1006 208 XII.
1527 158 1604 200 171

133 296 366 331 tentarunt.
397 289 451 330 Et
474 288 677 343 Scaliger
706 289 881 344 quidem
913 288 1013 343 quid
1044 287 1177 329 scribi
1207 285 1408 338 voluerit,
1436 282 1608 333 nescio,

134 376 178 409 at
199 367 462 423 reliquorum
495 367 727 408 conamina
759 373 940 420 praeter
969 380 1098 406 unum
1123 366 1366 405 Pintianum
1386 362 1511 417 parvi
1535 374 1609 402 ae·

133 448 278 489 stimo.
341 445 601 488 Salmasium
634 443 887 484 nominasse
915 441 1128 495 sufficiet,
1167 441 1237 496 qui
1259 456 1298 495 p.
1314 441 1407 484 362.
1430 439 1611 494 scripsit

134 525 344 566 ladanum
373 529 528 564 vocant
560 523 689 563 leuius
714 524 895 580 pinque:
928 521 969 562 ei
997 520 1208 561 insidere:
1242 518 1370 579 idque
1400 518 1495 567 rel„
1520 517 1609 558 Da·

134 603 422 657 lecampium,
460 604 530 658 qui
565 603 606 643 in
639 604 834 656 margine
874 601 986 643 alios
1022 600 1189 641 habere
1233 605 1437 639 annotat:
1482 596 1611 636 leuius

132 679 248 736 foliis
275 681 433 737 pinque
461 695 590 736 super
619 696 713 720 eam
743 679 944 731 herbam,
975 680 1071 733 ipse
1104 677 1280 719 coniicit
1316 681 1522 716 attractos
1545 672 1612 730 fu-

133 759 299 800 niculos
320 758 478 799 herbae
506 760 546 798 ei
574 757 757 799 calvolvi.
813 758 985 811 Nempe
1017 755 1104 797 hoc
1136 762 1204 796 est
1234 753 1501 808 interpolare
1528 765 1612 792 nec

136 840 524 906 vero-emendare.
584 837 833 879 Modestius
853 836 1046 891 Silligius
1069 835 1251 876 Plinium
1282 834 1341 875 ita
1371 831 1613 884 scripsisse

134 918 323 960 coniecit
364 917 493 958 huius
519 918 672 975 pingui
696 917 921 970 insidiari3
960 917 1105 978 itaque
1128 914 1227 964 rel„
1257 926 1411 955 verum
1439 918 1482 952 et
1506 911 1613 952 dure

135 997 336 1038 homines
368 996 665 1052 intelliguntur
705 1009 888 1051 quorum
922 1008 1139 1049 nusquam
1175 992 1335 1033 mentio
1369 990 1491 1032 facta
1529 995 1613 1042 est,

137 1083 181 1117 et
214 1076 382 1116 insidiis
417 1075 459 1115 in
499 1089 548 1116 re
580 1082 666 1115 tam
698 1073 935 1116 manifesta
963 1073 1092 1116 locus
1123 1087 1211 1114 non
1242 1078 1326 1113 est.
1391 1070 1615 1111 Pintianus

135 1160 281 1195 autem
311 1166 397 1208 qua
420 1160 516 1193 erat
544 1153 706 1207 ingenii
735 1152 961 1203 felicitate,
992 1151 1063 1193 hic
1092 1164 1266 1207 quoque
1298 1158 1341 1191 et
1367 1150 1440 1190 ubi
1467 1148 1615 1189 vitium

137 1233 435 1288 quaerendum
454 1238 591 1282 esset,
623 1238 747 1272 recte
767 1230 992 1286 indagavit
1016 1237 1058 1270 et
1080 1236 1201 1270 recte
1221 1227 1484 1281 emendavit,
1515 1226 1616 1267 dum

138 1311 292 1352 scribit
323 1309 444 1350 hnic
471 1310 629 1365 pinque
661 1308 862 1348 insidere.
921 1308 985 1348 Ita
1016 1308 1129 1347 enim
1160 1306 1351 1361 loquitur
1380 1319 1509 1361 quem
1535 1304 1616 1345 Pli-

139 1390 235 1430 nius
266 1397 493 1430 auctorem
533 1395 634 1428 ante
674 1385 830 1428 oculos
868 1385 1038 1439 habuit,
1080 1384 1375 1425 Dioscorides
1413 1383 1481 1425 De
1512 1388 1616 1425 mat.

139 1470 252 1512 med.
270 1470 298 1510 l.
320 1468 409 1510 1⁶28.
440 1464 539 1510 ’ἔνιοι
562 1465 606 1510 δὲ
627 1465 701 1509 καὶ
732 1465 908 1520 σχοινία
937 1465 1184 1521 ἑπισῦρουσι
1215 1468 1298 1512 τοῖς
1315 1460 1514 1517 ῗδάμυοις,
1543 1457 1618 1503 καὶ

139 1547 184 1591 τὸ
226 1546 531 1603 προσπλασβὲυ
574 1546 719 1595 αὐτοῖς
758 1544 875 1595 λίπος
909 1544 1200 1600 ἀποξύσαυτες
1235 1541 1617 1585 ἀναπλάσσουσιυ·

142 1635 185 1669 et
210 1640 348 1680 supra
374 1625 479 1667 folia
507 1622 704 1679 λιπαρῖας
734 1621 851 1672 τινὰς
879 1622 992 1665 κατὰ
1024 1620 1068 1665 τὸ
1099 1618 1173 1677 ἔαρ
1204 1620 1473 1677 ἐπισπώμενα
1503 1634 1618 1661 com-

142 1712 365 1748 memorat.
421 1703 537 1745 Voci
567 1703 696 1756 igitur
724 1700 867 1750 αὐτοῖς
890 1701 1132 1755 respondet
1155 1700 1273 1755 apud
1295 1698 1477 1740 Plinium
1505 1697 1620 1748 huie,

142 1782 446 1840 προσπλασὲέυ
476 1790 543 1823 est
573 1780 782 1829 insidere3
817 1778 934 1828 λίπος
963 1789 1109 1821 autem
1138 1779 1234 1820 sive
1261 1777 1436 1834 λιπαρία
1462 1778 1622 1834 pinque

144 1864 376 1906 convertit.
439 1861 506 1902 Nil
537 1869 681 1902 autem
718 1859 893 1901 facilius
926 1859 1113 1914 cogitari
1147 1867 1294 1914 potest
1323 1871 1454 1913 quam
1489 1864 1533 1898 ut
1565 1870 1621 1898 ex

145 1957 236 1984 unc
267 1942 382 1998 quod
415 1942 455 1983 in
475 1940 722 1994 archetypo
753 1939 893 1980 fuisse
925 1946 1273 1980 consentaneum
1306 1945 1388 1987 est,
1420 1944 1622 1978 oreretur

144 2023 278 2065 hui‘).
326 2021 454 2070 Quod
486 2019 683 2075 sequitur
715 2019 984 2059 enuntiatum
1005 2017 1130 2073 §.76,
1163 2031 1190 2059 a
1214 2015 1384 2070 Silligio
1416 2016 1622 2057 emenda-

145 2109 232 2142 tum
255 2108 338 2154 est,
368 2100 450 2140 nisi
481 2099 596 2153 quod
629 2105 730 2138 ante
763 2096 840 2136 alii
866 2095 1131 2138 vocabulum
1161 2100 1218 2135 ut
1237 2095 1354 2149 quod
1386 2094 1454 2135 ille
1474 2094 1623 2135 delere

144 2179 292 2229 voluit,
325 2179 468 2233 potius
508 2178 549 2218 in
594 2181 645 2215 al
677 2175 927 2215 mutandum
966 2174 1149 2215 videtur.
1208 2174 1253 2213 In
1286 2174 1486 2227 proximo
1517 2180 1622 2227 puto

146 2257 485 2312 ‹littographiam
503 2269 571 2296 me
589 2253 953 2308 deprehendisse.
995 2253 1103 2293 Nam
1125 2252 1239 2307 quod
1264 2252 1471 2293 ladanum
1504 2252 1625 2292 culul.

149 2342 317 2377 teratur
345 2337 475 2390 myrti
501 2334 617 2374 bacis
645 2338 688 2372 et
717 2330 812 2372 aliis
848 2330 1104 2370 αηίιηαὶἰιιιη
1132 2329 1348 2382 sordibus,
1380 2332 1421 2372 id
1447 2331 1624 2373 Graece

147 2415 341 2456 fortasse
374 2422 496 2454 recte
526 2412 764 2460 (liceretur,
793 2401 910 2465 apud
930 2409 1131 2450 Latinum
1157 2410 1419 2464 scriptorem
1448 2411 1624 2452 tolerari

149 2495 310 2549 nequit.
351 2491 553 2534 Delenda
583 2497 651 2553 est
680 2491 810 2544 igitur
840 2503 929 2531 vox
961 2488 1085 2529 aliis
1113 2489 1239 2531 efine
1270 2490 1499 2544 proximae
1532 2489 1624 2529 ani-

149 2574 348 2615 mulium
379 2582 490 2614 orta.

721 2697 786 2745 86
803 2718 854 2740 =
873 2698 952 2758 19,
973 2697 1054 2744 42.

216 2830 285 2837 —
319 2798 692 2848 inenarrabilem
724 2797 965 2862 quendam
1000 2796 1332 2847 universitatis
1365 2796 1564 2845 halitum
1599 2812 1626 2843 e

1649 2730 1732 2770 216
