1914 3237
291 139 347 182 36
894 137 1027 180 Liber
1055 139 1150 184 III
1150 171 1160 181 .

294 270 338 305 et
363 269 410 304 ut
439 260 612 302 videtur
640 259 677 301 Τ
713 259 872 315 legitur
911 278 1019 306 cara
1055 279 1152 306 cam
1185 263 1340 306 orbem.
1412 264 1541 307 Unde
1577 265 1769 308 efficitur

292 341 513 395 scriptura
540 337 675 381 multo
706 343 926 384 sermonis
959 342 1209 398 elegantiae
1240 344 1407 398 aptior:

345 424 607 480 praeterque
636 418 682 459 in
711 417 790 460 hoc
808 435 945 477 opere,
972 435 1068 463 cum
1085 421 1226 464 orbem
1245 428 1462 464 terrarum
1481 420 1581 464 urbi
1597 435 1658 478 sp.
1674 436 1713 477 p.
1729 436 1766 462 e.

210 562 266 603 w
901 545 1148 608 19=a4

400 668 653 710 Mentesani
692 668 765 710 hic
803 675 846 710 et
884 667 922 724 §
948 668 1014 710 25.
1053 669 1094 710 in
1131 669 1375 711 Mentisani
1415 669 1609 711 mutandi
1651 677 1766 723 sunt,

290 747 452 803 quippe
484 760 510 787 a
538 746 732 790 Mentisa
764 748 928 803 oppido
965 749 1036 804 (§.
1060 748 1142 804 11)
1174 749 1481 803 cognominati.
1550 748 1768 790 Graviore

287 827 393 869 vitio
426 825 600 867 laborat
630 827 859 880 proximus
889 840 1065 868 sensus.

358 928 551 994 Oppida
585 942 702 975 orae
737 928 966 991 proxima
998 927 1127 976 Urci
1167 927 1565 993 adscriptumque
1600 928 1764 976 Baeti-

357 1035 444 1068 cae
486 1018 674 1078 Barea‚
723 1017 859 1082 regio
896 1018 1264 1080 Mavitania‚
1305 1034 1420 1067 mox
1455 1018 1764 1079 Deitania‚

357 1109 471 1158 dein
503 1107 833 1168 Contestania,
869 1108 1112 1173 Carthago
1143 1124 1268 1158 nova
1296 1108 1484 1157 colonia
1518 1114 1599 1156 rel.

398 1220 554 1275 Neque
587 1219 700 1261 enim
730 1233 920 1276 unquam
965 1221 1131 1263 exstitit
1169 1220 1411 1262 Mavitania
1441 1230 1516 1263 aut
1545 1221 1764 1269 Deitania.

288 1299 370 1342 sed
411 1311 524 1354 quae
562 1311 589 1339 a
623 1297 879 1341 Ptolemaeo
905 1300 956 1340 11.
987 1299 1114 1341 6.14.
1152 1300 1462 1342 describuntur
1495 1300 1764 1347 Βαστιτανῶν

287 1377 516 1433 παράλιος·
547 1373 704 1432 Οὕρκη.
761 1379 1062 1421 Κοντεστανῶν
1091 1378 1295 1433 παράλιος
1313 1393 1323 1404 ·
1352 1379 1576 1422 Λουκέντοι
1605 1373 1629 1431 ἢ
1656 1377 1763 1422 Λού-

287 1473 450 1511 κευτου,
479 1455 717 1511 Καρχηδὼν
746 1459 824 1499 υεά
855 1458 971 1512 apud
996 1456 1178 1498 Plinium
1210 1457 1327 1499 sacili
1357 1458 1664 1499 emendatione
1691 1469 1760 1497 re·

285 1537 534 1578 stituuntur.
596 1535 680 1577 Pro
699 1536 948 1576 Mavitania
977 1536 1090 1577 enim
1113 1537 1209 1580 cod.
1232 1536 1273 1578 A
1295 1536 1474 1579 exhibet
1497 1534 1761 1588 Bastitania,

286 1614 389 1656 cod.
426 1612 498 1655 R2
535 1612 682 1654 Barea
712 1613 946 1654 Bastitana
983 1615 1098 1671 reqio
1131 1614 1403 1657 Mavitania:
1443 1614 1602 1656 deinde
1637 1614 1680 1653 in
1720 1611 1761 1653 A

284 1693 444 1748 legitur
474 1692 746 1733 Deitanania
775 1692 876 1732 dein
902 1690 1208 1746 Contestania,
1237 1692 1279 1733 in
1308 1692 1380 1733 Rd
1402 1692 1643 1733 Deitannia
1660 1690 1761 1731 dein

288 1770 590 1820 Contestania,
627 1770 745 1811 unde
778 1779 968 1824 apparet
997 1785 1021 1812 e
1052 1785 1167 1812 voce
1205 1769 1306 1810 dein
1338 1770 1452 1812 male
1484 1772 1672 1825 repetita
1700 1768 1760 1810 in·

286 1850 478 1892 auditam
505 1848 961 1909 regionemfieffectam
995 1862 1113 1891 esse.
1187 1848 1479 1890 Scribendum
1510 1855 1579 1890 est
1607 1848 1760 1904 igitur:

343 1929 511 1982 Barea,
541 1929 655 1985 reqio
683 1942 796 1969 mox
821 1927 1154 1978 Bastitania,
1192 1926 1294 1968 dein
1326 1926 1617 1970 Contestania.

205 2085 262 2126 m
883 2052 1152 2115 20=a4

396 2176 756 2232 Interpunctione
788 2183 994 2218 correcta
1024 2176 1314 2232 distinguatur
1343 2182 1538 2231 oportet:

352 2271 535 2317 flumen
571 2267 770 2314 Uduba.
816 2266 976 2331 Regio
1022 2267 1328 2315 Ilercaonum
1376 2272 1472 2325 (sic
1499 2262 1595 2323 R²‚
1629 2272 1757 2313 sicuti

354 2358 636 2401 Ptolemaeus
668 2356 779 2397 11.6.
803 2356 902 2411 16),
941 2351 1116 2399 Iberus
1149 2350 1301 2398 amnis
1331 2356 1411 2397 rel.

399 2466 509 2507 Nam
540 2464 767 2506 Edetanos
803 2463 1031 2518 excipiunt
1059 2462 1313 2505 Ilercaones
1341 2476 1486 2518 neque
1517 2463 1573 2503 ad
1604 2476 1756 2505 eorum

285 2546 512 2599 regionem
532 2544 767 2598 pertinent.
797 2544 836 2600 §.
855 2543 921 2585 21.
950 2556 974 2584 e
997 2544 1221 2597 scriptura
1242 2543 1339 2584 cod.
1359 2541 1604 2584 ALactani
1625 2543 1755 2585 codd.

286 2624 346 2666 R1
358 2624 382 2664 d
417 2623 577 2664 Letani
613 2604 915 2678 reponendum
945 2628 1011 2663 est
1041 2621 1256 2662 Laeetani
1291 2620 1578 2673 (cfi12t01.1.1.
1606 2621 1754 2666 Strab.

286 2704 352 2746 111.
372 2718 411 2757 p.
435 2701 544 2757 159).
586 2702 627 2757 ᾗ.
645 2700 711 2743 23.
738 2715 824 2744 scr.
851 2700 1090 2742 Dertosani
1114 2713 1139 2742 e
1167 2698 1252 2742 R2.
1309 2699 1481 2741 Deinde
1519 2707 1593 2742 aut
1632 2700 1667 2751 §.
1684 2699 1754 2745 22.

287 2781 477 2823 Baecula
507 2786 580 2821 aut
614 2779 684 2823 hic
713 2780 1052 2823 Baetulonenses
1086 2777 1319 2833 legendum
1350 2777 1442 2819 erit.
