1914 3237
730 173 859 213 Liber
890 174 991 213 XI}
1000 174 1020 215 ⁷.
1540 174 1619 215 179

212 296 529 356 conveniun13
574 297 620 344 in
670 298 798 343 lora
844 305 979 343 recte
1018 298 1307 346 conduntur.
1365 297 1502 363 Quas
1539 313 1617 345 su-

214 385 450 449 spendas,
498 385 778 444 duracinaS‚
823 384 1054 432 Amineas
1092 387 1300 436 maiores
1339 398 1396 435 et
1433 387 1618 436 Scan-

213 475 414 522 tianas
452 472 1008 539 opportunissimas
1049 491 1201 522 esse.

257 584 417 626 Ultima
453 585 590 626 verba
630 591 672 625 et
711 583 978 626 Scantianas
1021 585 1401 641 opportunissimas
1442 599 1531 626 esse
1577 586 1618 626 in

145 663 366 714 omnibus,
409 672 616 719 quantum
657 665 773 715 scio,
819 665 1048 706 codicibus
1081 665 1247 706 omissa
1279 664 1475 719 Silligius
1515 678 1565 706 se
1596 678 1621 706 e

146 742 315 784 Catone
347 744 576 798 recepisse
612 745 682 787 ait.
748 744 942 786 Fecerat
974 744 1014 785 id
1041 745 1215 800 quidem
1246 744 1329 785 iam
1356 751 1488 785 antea
1519 743 1623 784 Pin-

146 821 313 871 tianus‚
354 823 435 863 sed
465 823 691 864 immerito.
759 823 987 878 Leguntur
1017 824 1192 878 quidem
1224 823 1342 879 apud
1370 823 1620 866 Varronem

146 901 214 942 De
248 902 314 943 Re
348 903 514 944 rustica
554 902 682 954 1.58,
727 916 877 945 verum
919 904 1037 958 apud
1077 902 1289 945 Catonem
1340 917 1377 943 c.
1411 902 1461 955 7,
1503 902 1624 956 apud

147 995 275 1035 quem
310 996 424 1037 quae
457 982 758 1036 praecedunt,
793 983 886 1024 veri
923 982 1050 1024 simili
1089 982 1345 1023 coniectura
1383 980 1622 1022 emendare

147 1072 392 1113 aggressus
424 1067 492 1100 est
516 1059 569 1100 H.
591 1059 761 1100 Keilius
787 1061 828 1101 in
857 1061 990 1103 Obss
1021 1060 1116 1101 crit.
1147 1060 1189 1101 in
1221 1059 1406 1101 Catonis
1438 1067 1482 1101 et
1509 1059 1623 1100 Var-

146 1139 269 1179 ronis
300 1138 354 1178 de
385 1151 433 1178 re
464 1146 575 1182 rust.
608 1137 742 1180 libros
773 1138 866 1180 Hal.
900 1138 1272 1181 MDCCCXLIX.
1299 1154 1342 1193 p.
1364 1137 1440 1188 48,
1483 1152 1625 1194 aeque

147 1224 280 1272 atque
319 1217 359 1257 in
398 1216 520 1257 Plinii
564 1217 687 1258 libris
721 1217 894 1258 desunt.
963 1217 1119 1273 Neque
1154 1217 1330 1258 omnino
1359 1216 1626 1258 Scantianas

149 1311 176 1338 a
208 1295 379 1338 Catone
417 1297 665 1337 nominatas
703 1310 806 1338 esse
849 1297 1060 1350 proximis
1099 1296 1249 1337 verbis
1286 1295 1626 1337 demonstratur.

149 1376 260 1416 Nam
292 1375 348 1416 ibi
387 1376 653 1429 „Amineam
686 1375 885 1429 proxime
924 1375 1084 1415 dictam
1114 1373 1260 1415 Varro
1306 1373 1627 1415 Scantianam“

150 1467 343 1495 vocasse
385 1454 663 1508 perhibetur,
708 1453 825 1494 unde
865 1453 983 1507 apud
1024 1452 1270 1494 Varronem
1305 1466 1393 1494 non
1430 1457 1472 1492 et
1502 1450 1629 1492 Ami-

149 1547 254 1573 neas
282 1539 323 1572 et
352 1531 633 1584 Scantianas‚
662 1533 742 1574 sed
775 1538 815 1573 et
843 1532 1053 1573 Amineas
1080 1547 1156 1573 seu
1184 1530 1451 1574 Scantianas
1478 1530 1627 1586 legen·

152 1612 250 1652 dum
292 1625 394 1652 esse
432 1619 634 1665 apparet.
706 1610 764 1651 At
797 1624 904 1651 vero
941 1610 1108 1660 locum,
1150 1618 1196 1652 ut
1230 1610 1365 1666 vulgo
1402 1611 1627 1662 scribitur,

152 1689 329 1744 intelligi
369 1703 554 1744 prorsus
593 1703 679 1730 non
724 1703 858 1743 posse
899 1691 1124 1731 contendit
1160 1690 1372 1745 Silligius.
1451 1690 1629 1745 Quippe

151 1782 239 1809 non
271 1768 529 1808 meminerat
560 1768 837 1809 attractionis
868 1768 909 1808 in
935 1775 1110 1810 vetusto
1133 1782 1342 1810 sermone
1368 1768 1628 1824 frequentis,

154 1847 208 1888 de
239 1860 325 1902 qua
358 1846 523 1901 Popma
561 1845 630 1887 De
660 1860 742 1886 usu
776 1853 864 1887 ant.
895 1845 1028 1888 locut.
1070 1846 1112 1887 in
1142 1847 1211 1888 ed.
1242 1845 1426 1890 Sallust.
1459 1847 1629 1888 Haver·

153 1941 298 1981 camp.
333 1927 382 1968 ll.
412 1942 453 1981 p.
479 1925 574 1967 307.
613 1926 832 1968 disseruit.
903 1926 1043 1967 Sicuti
1078 1926 1190 1967 enim
1227 1926 1268 1966 in
1308 1926 1509 1968 oratione
1550 1939 1632 1981 pro

154 2006 254 2060 lege
272 2005 471 2046 Voconia
500 2004 649 2046 habita
676 2017 746 2058 ap.
766 2003 938 2058 Meyer.
962 2018 1007 2058 p.
1032 2003 1123 2045 101.
1156 2004 1263 2045 dixit
1282 2003 1417 2046 Cato:
1448 2018 1632 2060 „agrum

155 2099 283 2141 quem
315 2084 382 2125 vir
410 2083 544 2124 habet
577 2082 779 2123 tollitur“
809 2090 852 2124 et
880 2082 1106 2135 Originum
1138 2082 1190 2124 fr.
1212 2083 1252 2124 5.
1285 2084 1354 2124 ed.
1389 2083 1632 2139 XVagener,

154 2177 340 2220 „agrum
374 2176 502 2218 quem
538 2161 693 2202 Vulsci
722 2161 971 2201 habuerunt
998 2162 1265 2215 campestris
1293 2161 1446 2215 plerus
1476 2162 1634 2204 Abori·

156 2244 302 2298 ginum
332 2241 460 2292 fuit4‘,
490 2240 637 2297 quidni
663 2238 735 2280 hic
765 2253 939 2294 quoque
971 2239 1029 2279 ita
1058 2239 1177 2294 loqui
1208 2242 1372 2294 potuit:

217 2330 341 2388 Quas
363 2330 603 2386 suspendas
630 2329 885 2378 durae-inas,
916 2329 1127 2369 Amineas
1156 2331 1354 2380 maiores,
1384 2330 1453 2371 vel
1480 2330 1538 2372 acl
1565 2328 1636 2387 fa-

215 2411 337 2452 brum
366 2407 602 2466 ferrarium
628 2424 706 2465 pro
733 2409 871 2464 passis
901 2407 982 2448 hae
1011 2414 1126 2450 reete
1154 2416 1402 2464 servantur,

159 2502 186 2543 i.
219 2515 255 2543 e.
295 2500 536 2541 duracinae
578 2510 620 2540 et
651 2499 864 2539 Amineae
897 2512 1010 2553 quae
1041 2500 1257 2554 suspendi
1283 2500 1449 2551 solent,
1491 2514 1639 2556 „pen-

161 2580 272 2634 sili⁵=‚
302 2587 349 2620 ut
368 2577 528 2619 Plinius
546 2578 582 2633 ξ.
605 2577 666 2619 16.
698 2577 900 2631 loquitur,
931 2586 1308 2627 „concamaratae
1339 2579 1505 2633 nodo“‚
1540 2593 1640 2621 eae-

163 2660 261 2701 dem
293 2658 419 2700 etiam
453 2657 572 2711 apud
593 2655 765 2696 fabrum
783 2663 1035 2704 servantur,
1066 2664 1112 2696 ut
1136 2656 1308 2697 scilicet
1338 2656 1442 2698 fumi
1470 2656 1641 2700 fabrilis

165 2739 351 2794 gratiam
386 2738 709 2779 nanciscantur
753 2737 820 2789 (v.
848 2735 1051 2788 ibidem).
1123 2734 1190 2777 De
1232 2735 1301 2777 his
1332 2736 1463 2791 igitur
1490 2738 1643 2780 verbis

165 2819 379 2861 immerito
402 2816 598 2872 Silligius
630 2816 803 2858 videtur
833 2815 1079 2868 dubitasse,
1112 2814 1155 2855 in
1186 2815 1549 2858 antecedentibus
1579 2816 1643 2858 in·

168 2897 478 2953 terpunctione
508 2894 690 2951 peccari
718 2906 805 2935 non
829 2892 1151 2934 animadvertit.
1189 2892 1334 2941 Quum
1362 2894 1474 2936 enim
1499 2892 1642 2936 Varro

1271 2970 1360 3012 12*
