<?xml version="1.0" encoding="UTF-8"?>
<!DOCTYPE html PUBLIC "-//W3C//DTD XHTML 1.0 Transitional//EN"
    "http://www.w3.org/TR/xhtml1/DTD/xhtml1-transitional.dtd">
<html xmlns="http://www.w3.org/1999/xhtml" xml:lang="en" lang="en">
 <head>
  <title>
</title>
<meta http-equiv="Content-Type" content="text/html;charset=utf-8" />
  <meta name='ocr-system' content='tesseract 3.04.00' />
  <meta name='ocr-capabilities' content='ocr_page ocr_carea ocr_par ocr_line ocrx_word'/>
</head>
<body>
  <div class='ocr_page' id='page_1' title='image "./vindiciaeplinian00urliuoft_0358.png"; bbox 0 0 1914 3237; ppageno 0'>
   <div class='ocr_carea' id='block_1_1' title="bbox 131 313 213 358">
    <p class='ocr_par' dir='ltr' id='par_1_1' title="bbox 131 313 213 358">
     <span class='ocr_line' id='line_1_1' title="bbox 131 313 213 358; baseline 0 -2"><span class='ocrx_word' id='word_1_1' title='bbox 131 313 213 358; x_wconf 80' lang='lat'><strong>590</strong></span> 
     </span>
    </p>
   </div>
   <div class='ocr_carea' id='block_1_2' title="bbox 129 872 207 915">
    <p class='ocr_par' dir='ltr' id='par_1_2' title="bbox 129 872 207 915">
     <span class='ocr_line' id='line_1_2' title="bbox 129 872 207 915; baseline -0.026 0"><span class='ocrx_word' id='word_1_2' title='bbox 129 872 207 915; x_wconf 81' lang='lat'><strong>591</strong></span> 
     </span>
    </p>
   </div>
   <div class='ocr_carea' id='block_1_3' title="bbox 242 148 1160 192">
    <p class='ocr_par' dir='ltr' id='par_1_3' title="bbox 242 148 1160 192">
     <span class='ocr_line' id='line_1_3' title="bbox 242 148 1160 192; baseline -0.002 -1"><span class='ocrx_word' id='word_1_3' title='bbox 242 148 323 192; x_wconf 81' lang='lat'><strong>158</strong></span> <span class='ocrx_word' id='word_1_4' title='bbox 809 150 925 190; x_wconf 76' lang='lat' dir='ltr'><strong>Liber</strong></span> <span class='ocrx_word' id='word_1_5' title='bbox 954 152 1038 189; x_wconf 74' lang='lat' dir='ltr'><strong>XX</strong></span> <span class='ocrx_word' id='word_1_6' title='bbox 1049 152 1160 190; x_wconf 84' lang='lat' dir='ltr'><em>VIII.</em></span> 
     </span>
    </p>
   </div>
   <div class='ocr_carea' id='block_1_4' title="bbox 306 282 1707 433">
    <p class='ocr_par' dir='ltr' id='par_1_4' title="bbox 306 282 1707 433">
     <span class='ocr_line' id='line_1_4' title="bbox 790 282 1156 338; baseline -0.003 -10"><span class='ocrx_word' id='word_1_7' title='bbox 790 282 881 330; x_wconf 81' lang='lat'><strong>126</strong></span> <span class='ocrx_word' id='word_1_8' title='bbox 903 300 946 320; x_wconf 90' lang='lat'><strong>·-=</strong></span> <span class='ocrx_word' id='word_1_9' title='bbox 969 283 1156 338; x_wconf 77' lang='lat'><strong>12,102.</strong></span> 
     </span>
     <span class='ocr_line' id='line_1_5' title="bbox 306 365 1707 433; baseline 0.002 -17"><span class='ocrx_word' id='word_1_10' title='bbox 306 367 366 416; x_wconf 91' lang='lat' dir='ltr'><strong>Et</strong></span> <span class='ocrx_word' id='word_1_11' title='bbox 401 366 496 417; x_wconf 82' lang='lat' dir='ltr'><strong>hoc</strong></span> <span class='ocrx_word' id='word_1_12' title='bbox 539 372 733 426; x_wconf 87' lang='lat' dir='ltr'><strong>(semen</strong></span> <span class='ocrx_word' id='word_1_13' title='bbox 773 366 1065 432; x_wconf 81' lang='lat' dir='ltr'><strong>phaleridis)</strong></span> <span class='ocrx_word' id='word_1_14' title='bbox 1107 365 1324 416; x_wconf 82' lang='lat' dir='ltr'><strong>calculos</strong></span> <span class='ocrx_word' id='word_1_15' title='bbox 1344 366 1521 431; x_wconf 74' lang='lat' dir='ltr'><strong>ftangit</strong></span> <span class='ocrx_word' id='word_1_16' title='bbox 1542 373 1707 433; x_wconf 87' lang='lat' dir='ltr'><strong>potum</strong></span> 
     </span>
    </p>
   </div>
   <div class='ocr_carea' id='block_1_5' title="bbox 239 453 1705 827">
    <p class='ocr_par' dir='ltr' id='par_1_5' title="bbox 307 453 1394 506">
     <span class='ocr_line' id='line_1_6' title="bbox 307 453 1394 506; baseline 0.001 -2"><span class='ocrx_word' id='word_1_17' title='bbox 307 472 368 504; x_wconf 81' lang='lat' dir='ltr'><strong>ex</strong></span> <span class='ocrx_word' id='word_1_18' title='bbox 407 456 519 504; x_wconf 86' lang='lat' dir='ltr'><strong>vinc</strong></span> <span class='ocrx_word' id='word_1_19' title='bbox 557 453 636 504; x_wconf 88' lang='lat' dir='ltr'><strong>vcl</strong></span> <span class='ocrx_word' id='word_1_20' title='bbox 666 461 806 506; x_wconf 79' lang='lat' dir='ltr'><strong>aceto</strong></span> <span class='ocrx_word' id='word_1_21' title='bbox 846 470 955 505; x_wconf 89' lang='lat' dir='ltr'><strong>cum</strong></span> <span class='ocrx_word' id='word_1_22' title='bbox 991 454 1132 504; x_wconf 87' lang='lat' dir='ltr'><strong>melle</strong></span> <span class='ocrx_word' id='word_1_23' title='bbox 1170 461 1217 504; x_wconf 88' lang='lat' dir='ltr'><strong>et</strong></span> <span class='ocrx_word' id='word_1_24' title='bbox 1253 453 1394 505; x_wconf 84' lang='lat' dir='ltr'><strong>lacte.</strong></span> 
     </span>
    </p>

    <p class='ocr_par' dir='ltr' id='par_1_6' title="bbox 239 542 1705 827">
     <span class='ocr_line' id='line_1_7' title="bbox 347 542 1705 597; baseline 0.001 -13"><span class='ocrx_word' id='word_1_25' title='bbox 347 543 501 584; x_wconf 86' lang='lat' dir='ltr'><strong>Nescio</strong></span> <span class='ocrx_word' id='word_1_26' title='bbox 533 542 645 597; x_wconf 93' lang='lat' dir='ltr'><strong>quod</strong></span> <span class='ocrx_word' id='word_1_27' title='bbox 675 543 1029 585; x_wconf 80' lang='lat' dir='ltr'><strong>medicamentum</strong></span> <span class='ocrx_word' id='word_1_28' title='bbox 1062 547 1197 595; x_wconf 81' lang='lat' dir='ltr'><strong>aceto,</strong></span> <span class='ocrx_word' id='word_1_29' title='bbox 1240 543 1365 584; x_wconf 86' lang='lat' dir='ltr'><strong>melle</strong></span> <span class='ocrx_word' id='word_1_30' title='bbox 1396 549 1437 584; x_wconf 87' lang='lat' dir='ltr'><strong>et</strong></span> <span class='ocrx_word' id='word_1_31' title='bbox 1468 544 1577 585; x_wconf 84' lang='lat' dir='ltr'><strong>lacte</strong></span> <span class='ocrx_word' id='word_1_32' title='bbox 1605 545 1705 586; x_wconf 80' lang='lat' dir='ltr'><strong>mis-</strong></span> 
     </span>
     <span class='ocr_line' id='line_1_8' title="bbox 239 620 1701 677; baseline 0.001 -15"><span class='ocrx_word' id='word_1_33' title='bbox 239 621 323 662; x_wconf 82' lang='lat' dir='ltr'><strong>ceri</strong></span> <span class='ocrx_word' id='word_1_34' title='bbox 352 620 574 662; x_wconf 89' lang='lat' dir='ltr'><strong>commode</strong></span> <span class='ocrx_word' id='word_1_35' title='bbox 604 622 756 676; x_wconf 75' lang='lat' dir='ltr'><strong>possit;</strong></span> <span class='ocrx_word' id='word_1_36' title='bbox 810 626 936 677; x_wconf 82' lang='lat' dir='ltr'><strong>atque</strong></span> <span class='ocrx_word' id='word_1_37' title='bbox 967 634 1020 662; x_wconf 81' lang='lat' dir='ltr'><strong>ex</strong></span> <span class='ocrx_word' id='word_1_38' title='bbox 1051 620 1220 676; x_wconf 81' lang='lat' dir='ltr'><strong>optimis</strong></span> <span class='ocrx_word' id='word_1_39' title='bbox 1260 620 1375 661; x_wconf 80' lang='lat' dir='ltr'><strong>libris</strong></span> <span class='ocrx_word' id='word_1_40' title='bbox 1407 620 1487 662; x_wconf 79' lang='lat' dir='ltr'><strong>aR</strong></span> <span class='ocrx_word' id='word_1_41' title='bbox 1517 622 1701 664; x_wconf 78' lang='lat' dir='ltr'><strong>scriben-</strong></span> 
     </span>
     <span class='ocr_line' id='line_1_9' title="bbox 239 698 1702 755; baseline 0.001 -15"><span class='ocrx_word' id='word_1_42' title='bbox 239 699 339 740; x_wconf 91' lang='lat' dir='ltr'><strong>dum</strong></span> <span class='ocrx_word' id='word_1_43' title='bbox 369 711 464 739; x_wconf 82' lang='lat' dir='ltr'><strong>esse</strong></span> <span class='ocrx_word' id='word_1_44' title='bbox 489 712 664 740; x_wconf 82' lang='lat' dir='ltr'><strong>censeo:</strong></span> <span class='ocrx_word' id='word_1_45' title='bbox 695 703 755 740; x_wconf 85' lang='lat' dir='ltr'><strong>vel</strong></span> <span class='ocrx_word' id='word_1_46' title='bbox 782 713 869 741; x_wconf 84' lang='lat' dir='ltr'><strong>cum</strong></span> <span class='ocrx_word' id='word_1_47' title='bbox 897 703 1005 740; x_wconf 85' lang='lat' dir='ltr'><strong>melle</strong></span> <span class='ocrx_word' id='word_1_48' title='bbox 1028 707 1064 741; x_wconf 88' lang='lat' dir='ltr'><strong>et</strong></span> <span class='ocrx_word' id='word_1_49' title='bbox 1093 703 1206 752; x_wconf 77' lang='lat' dir='ltr'><strong>lacte,</strong></span> <span class='ocrx_word' id='word_1_50' title='bbox 1238 698 1340 740; x_wconf 86' lang='lat' dir='ltr'><strong>item</strong></span> <span class='ocrx_word' id='word_1_51' title='bbox 1372 698 1506 755; x_wconf 66' lang='lat'><strong>§.123</strong></span> <span class='ocrx_word' id='word_1_52' title='bbox 1537 711 1560 740; x_wconf 84' lang='lat' dir='ltr'><strong>e</strong></span> <span class='ocrx_word' id='word_1_53' title='bbox 1580 699 1702 742; x_wconf 88' lang='lat' dir='ltr'><strong>codd.</strong></span> 
     </span>
     <span class='ocr_line' id='line_1_10' title="bbox 239 777 1467 827; baseline -0.001 -8"><span class='ocrx_word' id='word_1_54' title='bbox 239 791 264 819; x_wconf 83' lang='lat' dir='ltr'>a</span> <span class='ocrx_word' id='word_1_55' title='bbox 287 777 433 820; x_wconf 68' lang='lat' dir='ltr'><strong>&amp;VR</strong></span> <span class='ocrx_word' id='word_1_56' title='bbox 463 791 556 819; x_wconf 90' lang='lat' dir='ltr'><strong>cum</strong></span> <span class='ocrx_word' id='word_1_57' title='bbox 590 778 690 819; x_wconf 87' lang='lat' dir='ltr'><strong>Iano</strong></span> <span class='ocrx_word' id='word_1_58' title='bbox 719 781 808 819; x_wconf 78' lang='lat' dir='ltr'><strong>rhe</strong></span> <span class='ocrx_word' id='word_1_59' title='bbox 839 791 974 819; x_wconf 85' lang='lat' dir='ltr'><strong>coma</strong></span> <span class='ocrx_word' id='word_1_60' title='bbox 1014 779 1276 826; x_wconf 70' lang='lat' dir='ltr'><strong>(rhecoma</strong></span> <span class='ocrx_word' id='word_1_61' title='bbox 1306 777 1467 827; x_wconf 80' lang='lat' dir='ltr'><strong>Ianus).</strong></span> 
     </span>
    </p>
   </div>
   <div class='ocr_carea' id='block_1_6' title="bbox 302 854 1703 1097">
    <p class='ocr_par' dir='ltr' id='par_1_7' title="bbox 302 854 1703 1097">
     <span class='ocr_line' id='line_1_11' title="bbox 581 854 1366 919; baseline 0 -14"><span class='ocrx_word' id='word_1_62' title='bbox 581 859 671 906; x_wconf 84' lang='lat'><strong>133</strong></span> <span class='ocrx_word' id='word_1_63' title='bbox 692 859 929 916; x_wconf 83' lang='lat'><strong>=13,109</strong></span> <span class='ocrx_word' id='word_1_64' title='bbox 976 854 1064 916; x_wconf 89' lang='lat' dir='ltr'><strong>(de</strong></span> <span class='ocrx_word' id='word_1_65' title='bbox 1102 855 1366 919; x_wconf 85' lang='lat' dir='ltr'><strong>smyrnio).</strong></span> 
     </span>
     <span class='ocr_line' id='line_1_12' title="bbox 303 943 1703 1009; baseline 0.002 -16"><span class='ocrx_word' id='word_1_66' title='bbox 303 944 441 993; x_wconf 83' lang='lat' dir='ltr'>radix</span> <span class='ocrx_word' id='word_1_67' title='bbox 475 958 672 1008; x_wconf 78' lang='lat' dir='ltr'><strong>quoque</strong></span> <span class='ocrx_word' id='word_1_68' title='bbox 709 943 911 993; x_wconf 81' lang='lat' dir='ltr'><strong>odorata</strong></span> <span class='ocrx_word' id='word_1_69' title='bbox 946 948 1096 1009; x_wconf 85' lang='lat' dir='ltr'><strong>gustu</strong></span> <span class='ocrx_word' id='word_1_70' title='bbox 1131 943 1228 993; x_wconf 82' lang='lat' dir='ltr'><strong>acri</strong></span> <span class='ocrx_word' id='word_1_71' title='bbox 1263 943 1475 1002; x_wconf 88' lang='lat' dir='ltr'><strong>mordet,</strong></span> <span class='ocrx_word' id='word_1_72' title='bbox 1510 958 1703 1003; x_wconf 84' lang='lat' dir='ltr'><strong>sucosa,</strong></span> 
     </span>
     <span class='ocr_line' id='line_1_13' title="bbox 302 1030 1703 1097; baseline 0 -16"><span class='ocrx_word' id='word_1_73' title='bbox 302 1031 490 1091; x_wconf 82' lang='lat' dir='ltr'><strong>mollis;</strong></span> <span class='ocrx_word' id='word_1_74' title='bbox 544 1036 712 1080; x_wconf 81' lang='lat' dir='ltr'>cortex</span> <span class='ocrx_word' id='word_1_75' title='bbox 734 1030 866 1081; x_wconf 88' lang='lat' dir='ltr'><strong>.eius</strong></span> <span class='ocrx_word' id='word_1_76' title='bbox 901 1031 1019 1081; x_wconf 82' lang='lat' dir='ltr'><strong>foris</strong></span> <span class='ocrx_word' id='word_1_77' title='bbox 1072 1033 1236 1097; x_wconf 81' lang='lat' dir='ltr'>niger,</span> <span class='ocrx_word' id='word_1_78' title='bbox 1291 1032 1421 1082; x_wconf 84' lang='lat' dir='ltr'><strong>intus</strong></span> <span class='ocrx_word' id='word_1_79' title='bbox 1469 1031 1703 1097; x_wconf 85' lang='lat' dir='ltr'><strong>pallidus;</strong></span> 
     </span>
    </p>
   </div>
   <div class='ocr_carea' id='block_1_7' title="bbox 235 1118 1703 1732">
    <p class='ocr_par' dir='ltr' id='par_1_8' title="bbox 304 1118 1167 1184">
     <span class='ocr_line' id='line_1_14' title="bbox 304 1118 1167 1184; baseline -0.001 -13"><span class='ocrx_word' id='word_1_80' title='bbox 304 1121 428 1171; x_wconf 87' lang='lat' dir='ltr'><strong>odor</strong></span> <span class='ocrx_word' id='word_1_81' title='bbox 463 1133 652 1168; x_wconf 79' lang='lat' dir='ltr'><strong>murrae</strong></span> <span class='ocrx_word' id='word_1_82' title='bbox 690 1118 838 1169; x_wconf 84' lang='lat' dir='ltr'><strong>habet</strong></span> <span class='ocrx_word' id='word_1_83' title='bbox 873 1118 1167 1184; x_wconf 80' lang='lat' dir='ltr'><strong>qualitatem.</strong></span> 
     </span>
    </p>

    <p class='ocr_par' dir='ltr' id='par_1_9' title="bbox 235 1205 1703 1732">
     <span class='ocr_line' id='line_1_15' title="bbox 346 1205 1701 1250; baseline -0.001 0"><span class='ocrx_word' id='word_1_84' title='bbox 346 1209 442 1250; x_wconf 91' lang='lat' dir='ltr'><strong>Non</strong></span> <span class='ocrx_word' id='word_1_85' title='bbox 473 1205 577 1249; x_wconf 92' lang='lat' dir='ltr'><strong>odor</strong></span> <span class='ocrx_word' id='word_1_86' title='bbox 609 1207 760 1248; x_wconf 83' lang='lat' dir='ltr'><strong>rad-icis</strong></span> <span class='ocrx_word' id='word_1_87' title='bbox 790 1220 957 1249; x_wconf 85' lang='lat' dir='ltr'><strong>murrae</strong></span> <span class='ocrx_word' id='word_1_88' title='bbox 988 1208 1135 1250; x_wconf 80' lang='lat' dir='ltr'><strong>similis</strong></span> <span class='ocrx_word' id='word_1_89' title='bbox 1167 1213 1232 1250; x_wconf 88' lang='lat' dir='ltr'><strong>est</strong></span> <span class='ocrx_word' id='word_1_90' title='bbox 1258 1207 1490 1250; x_wconf 86' lang='lat' dir='ltr'><strong>secundum</strong></span> <span class='ocrx_word' id='word_1_91' title='bbox 1508 1208 1701 1249; x_wconf 71' lang='lat' dir='ltr'><strong>Dioscor.</strong></span> 
     </span>
     <span class='ocr_line' id='line_1_16' title="bbox 238 1285 1703 1343; baseline -0.001 -15"><span class='ocrx_word' id='word_1_92' title='bbox 238 1288 311 1329; x_wconf 88' lang='lat'>111.</span> <span class='ocrx_word' id='word_1_93' title='bbox 341 1287 407 1339; x_wconf 82' lang='lat'><strong>72,</strong></span> <span class='ocrx_word' id='word_1_94' title='bbox 438 1286 513 1327; x_wconf 83' lang='lat' dir='ltr'><strong>sed</strong></span> <span class='ocrx_word' id='word_1_95' title='bbox 545 1286 717 1327; x_wconf 84' lang='lat' dir='ltr'><strong>seminis</strong></span> <span class='ocrx_word' id='word_1_96' title='bbox 748 1299 887 1341; x_wconf 84' lang='lat' dir='ltr'><strong>sapor.</strong></span> <span class='ocrx_word' id='word_1_97' title='bbox 945 1289 1143 1342; x_wconf 86' lang='grc' dir='ltr'><em>σπέρμα,</em></span> <span class='ocrx_word' id='word_1_98' title='bbox 1184 1287 1242 1328; x_wconf 84' lang='lat' dir='ltr'><strong>ait</strong></span> <span class='ocrx_word' id='word_1_99' title='bbox 1276 1314 1322 1319; x_wconf 92' lang='lat'>—</span> <span class='ocrx_word' id='word_1_100' title='bbox 1357 1285 1513 1340; x_wconf 82' lang='grc' dir='ltr'><em>ὅμοιον</em></span> <span class='ocrx_word' id='word_1_101' title='bbox 1541 1290 1601 1343; x_wconf 63' lang='grc' dir='ltr'><strong>τῷ</strong></span> <span class='ocrx_word' id='word_1_102' title='bbox 1629 1290 1703 1341; x_wconf 77' lang='grc' dir='ltr'><strong>τῆς</strong></span> 
     </span>
     <span class='ocr_line' id='line_1_17' title="bbox 237 1363 1698 1422; baseline -0.002 -15"><span class='ocrx_word' id='word_1_103' title='bbox 237 1365 439 1422; x_wconf 82' lang='grc' dir='ltr'><em>κράμβης,</em></span> <span class='ocrx_word' id='word_1_104' title='bbox 463 1366 623 1419; x_wconf 80' lang='grc' dir='ltr'><em>μέλαν,</em></span> <span class='ocrx_word' id='word_1_105' title='bbox 654 1364 800 1420; x_wconf 78' lang='grc' dir='ltr'><em>δριμὺ,</em></span> <span class='ocrx_word' id='word_1_106' title='bbox 843 1367 1064 1422; x_wconf 74' lang='grc' dir='ltr'><em>γενομένῳ</em></span> <span class='ocrx_word' id='word_1_107' title='bbox 1096 1363 1152 1414; x_wconf 79' lang='grc' dir='ltr'><strong>ὡς</strong></span> <span class='ocrx_word' id='word_1_108' title='bbox 1183 1364 1365 1422; x_wconf 76' lang='grc' dir='ltr'><em>σμύρνῃ.</em></span> <span class='ocrx_word' id='word_1_109' title='bbox 1395 1363 1557 1405; x_wconf 79' lang='lat' dir='ltr'>Plinius</span> <span class='ocrx_word' id='word_1_110' title='bbox 1587 1363 1698 1405; x_wconf 84' lang='lat' dir='ltr'><strong>idem</strong></span> 
     </span>
     <span class='ocr_line' id='line_1_18' title="bbox 237 1441 1701 1498; baseline 0 -14"><span class='ocrx_word' id='word_1_111' title='bbox 237 1443 316 1484; x_wconf 88' lang='lat' dir='ltr'><strong>etsi</strong></span> <span class='ocrx_word' id='word_1_112' title='bbox 345 1456 430 1483; x_wconf 89' lang='lat' dir='ltr'><strong>non</strong></span> <span class='ocrx_word' id='word_1_113' title='bbox 461 1442 611 1484; x_wconf 89' lang='lat' dir='ltr'><strong>eodem</strong></span> <span class='ocrx_word' id='word_1_114' title='bbox 641 1442 734 1483; x_wconf 89' lang='lat' dir='ltr'><strong>loco</strong></span> <span class='ocrx_word' id='word_1_115' title='bbox 765 1441 840 1483; x_wconf 84' lang='lat' dir='ltr'><strong>sed</strong></span> <span class='ocrx_word' id='word_1_116' title='bbox 872 1442 1067 1483; x_wconf 84' lang='lat' dir='ltr'><strong>absoluta</strong></span> <span class='ocrx_word' id='word_1_117' title='bbox 1090 1442 1248 1483; x_wconf 84' lang='lat' dir='ltr'><strong>herbae</strong></span> <span class='ocrx_word' id='word_1_118' title='bbox 1267 1442 1395 1484; x_wconf 84' lang='lat' dir='ltr'><strong>totius</strong></span> <span class='ocrx_word' id='word_1_119' title='bbox 1418 1442 1701 1498; x_wconf 78' lang='lat' dir='ltr'><strong>descriptione</strong></span> 
     </span>
     <span class='ocr_line' id='line_1_19' title="bbox 236 1518 1700 1576; baseline 0 -15"><span class='ocrx_word' id='word_1_120' title='bbox 236 1520 479 1574; x_wconf 84' lang='lat' dir='ltr'><strong>addiderat;</strong></span> <span class='ocrx_word' id='word_1_121' title='bbox 516 1525 667 1576; x_wconf 83' lang='lat' dir='ltr'><strong>postea</strong></span> <span class='ocrx_word' id='word_1_122' title='bbox 697 1525 859 1572; x_wconf 79' lang='lat' dir='ltr'><strong>autem,</strong></span> <span class='ocrx_word' id='word_1_123' title='bbox 897 1531 1023 1574; x_wconf 90' lang='lat' dir='ltr'>quum</span> <span class='ocrx_word' id='word_1_124' title='bbox 1057 1518 1193 1574; x_wconf 85' lang='lat' dir='ltr'><strong>prima</strong></span> <span class='ocrx_word' id='word_1_125' title='bbox 1217 1520 1332 1561; x_wconf 87' lang='lat' dir='ltr'><strong>vocis</strong></span> <span class='ocrx_word' id='word_1_126' title='bbox 1361 1534 1539 1573; x_wconf 79' lang='lat' dir='ltr'><strong>sapor,</strong></span> <span class='ocrx_word' id='word_1_127' title='bbox 1591 1533 1700 1576; x_wconf 78' lang='lat' dir='ltr'><strong>quae</strong></span> 
     </span>
     <span class='ocr_line' id='line_1_20' title="bbox 235 1598 1699 1655; baseline 0.001 -15"><span class='ocrx_word' id='word_1_128' title='bbox 235 1600 379 1655; x_wconf 88' lang='lat' dir='ltr'><strong>utique</strong></span> <span class='ocrx_word' id='word_1_129' title='bbox 409 1598 673 1640; x_wconf 83' lang='lat' dir='ltr'><strong>restituenda</strong></span> <span class='ocrx_word' id='word_1_130' title='bbox 703 1602 780 1652; x_wconf 79' lang='lat' dir='ltr'><strong>est,</strong></span> <span class='ocrx_word' id='word_1_131' title='bbox 811 1599 951 1640; x_wconf 81' lang='lat' dir='ltr'><strong>littera</strong></span> <span class='ocrx_word' id='word_1_132' title='bbox 981 1602 1172 1640; x_wconf 78' lang='lat' dir='ltr'><strong>extrema</strong></span> <span class='ocrx_word' id='word_1_133' title='bbox 1200 1598 1396 1640; x_wconf 81' lang='lat' dir='ltr'><strong>vocabuli</strong></span> <span class='ocrx_word' id='word_1_134' title='bbox 1418 1602 1596 1652; x_wconf 72' lang='lat' dir='ltr'><strong>pallidus</strong></span> <span class='ocrx_word' id='word_1_135' title='bbox 1625 1599 1699 1641; x_wconf 76' lang='lat' dir='ltr'><strong>ab·</strong></span> 
     </span>
     <span class='ocr_line' id='line_1_21' title="bbox 235 1677 1370 1732; baseline 0 -13"><span class='ocrx_word' id='word_1_136' title='bbox 235 1682 378 1732; x_wconf 81' lang='lat' dir='ltr'><strong>sorpta</strong></span> <span class='ocrx_word' id='word_1_137' title='bbox 409 1681 542 1730; x_wconf 81' lang='lat' dir='ltr'><strong>esset,</strong></span> <span class='ocrx_word' id='word_1_138' title='bbox 576 1690 678 1729; x_wconf 73' lang='lat' dir='ltr'><strong>opor</strong></span> <span class='ocrx_word' id='word_1_139' title='bbox 707 1677 817 1718; x_wconf 85' lang='lat' dir='ltr'><strong>male</strong></span> <span class='ocrx_word' id='word_1_140' title='bbox 847 1680 1054 1718; x_wconf 82' lang='lat' dir='ltr'><strong>mutatum</strong></span> <span class='ocrx_word' id='word_1_141' title='bbox 1085 1681 1153 1718; x_wconf 77' lang='lat' dir='ltr'><strong>est</strong></span> <span class='ocrx_word' id='word_1_142' title='bbox 1182 1677 1224 1718; x_wconf 91' lang='lat' dir='ltr'><strong>in</strong></span> <span class='ocrx_word' id='word_1_143' title='bbox 1257 1681 1370 1720; x_wconf 82' lang='lat' dir='ltr'><strong>odor.</strong></span> 
     </span>
    </p>
   </div>
   <div class='ocr_carea' id='block_1_8' title="bbox 234 1755 1702 2455">
    <p class='ocr_par' dir='ltr' id='par_1_10' title="bbox 303 1755 1699 1987">
     <span class='ocr_line' id='line_1_22' title="bbox 519 1755 1418 1821; baseline 0.001 -17"><span class='ocrx_word' id='word_1_144' title='bbox 519 1759 609 1805; x_wconf 81' lang='lat'><strong>142</strong></span> <span class='ocrx_word' id='word_1_145' title='bbox 632 1781 675 1799; x_wconf 89' lang='lat'><strong><em>=</em></strong></span> <span class='ocrx_word' id='word_1_146' title='bbox 701 1758 888 1814; x_wconf 79' lang='lat'><strong>13‚117.</strong></span> <span class='ocrx_word' id='word_1_147' title='bbox 917 1755 1007 1815; x_wconf 71' lang='lat' dir='ltr'><strong>(de</strong></span> <span class='ocrx_word' id='word_1_148' title='bbox 1026 1761 1418 1821; x_wconf 77' lang='lat' dir='ltr'><strong>tragopogone).</strong></span> 
     </span>
     <span class='ocr_line' id='line_1_23' title="bbox 303 1843 1106 1909; baseline 0.001 -16"><span class='ocrx_word' id='word_1_149' title='bbox 303 1845 516 1893; x_wconf 81' lang='lat' dir='ltr'><strong>nascitur</strong></span> <span class='ocrx_word' id='word_1_150' title='bbox 550 1844 597 1892; x_wconf 90' lang='lat' dir='ltr'><strong>in</strong></span> <span class='ocrx_word' id='word_1_151' title='bbox 633 1843 821 1909; x_wconf 85' lang='lat' dir='ltr'><strong>asperis</strong></span> <span class='ocrx_word' id='word_1_152' title='bbox 858 1844 963 1893; x_wconf 86' lang='lat' dir='ltr'><strong>sine</strong></span> <span class='ocrx_word' id='word_1_153' title='bbox 1001 1860 1106 1894; x_wconf 84' lang='lat' dir='ltr'><strong>usn.</strong></span> 
     </span>
     <span class='ocr_line' id='line_1_24' title="bbox 344 1929 1699 1987; baseline -0.001 -13"><span class='ocrx_word' id='word_1_154' title='bbox 344 1931 437 1974; x_wconf 80' lang='grc' dir='ltr'><em>ἔστι</em></span> <span class='ocrx_word' id='word_1_155' title='bbox 467 1932 515 1973; x_wconf 83' lang='grc' dir='ltr'><strong>δὲ</strong></span> <span class='ocrx_word' id='word_1_156' title='bbox 545 1930 568 1986; x_wconf 75' lang='grc' dir='ltr'>ἡ</span> <span class='ocrx_word' id='word_1_157' title='bbox 599 1932 691 1974; x_wconf 87' lang='grc' dir='ltr'><strong>πόα</strong></span> <span class='ocrx_word' id='word_1_158' title='bbox 720 1929 934 1985; x_wconf 78' lang='grc' dir='ltr'><em>ἐδώδιμος</em></span> <span class='ocrx_word' id='word_1_159' title='bbox 964 1932 1107 1975; x_wconf 85' lang='lat' dir='ltr'><strong>Diosc.</strong></span> <span class='ocrx_word' id='word_1_160' title='bbox 1137 1933 1190 1974; x_wconf 90' lang='lat'><strong>11.</strong></span> <span class='ocrx_word' id='word_1_161' title='bbox 1226 1933 1314 1984; x_wconf 78' lang='lat'>172,</span> <span class='ocrx_word' id='word_1_162' title='bbox 1344 1932 1459 1985; x_wconf 86' lang='lat' dir='ltr'><strong>loco,</strong></span> <span class='ocrx_word' id='word_1_163' title='bbox 1502 1931 1574 1973; x_wconf 91' lang='lat' dir='ltr'><strong>ubi</strong></span> <span class='ocrx_word' id='word_1_164' title='bbox 1603 1945 1699 1987; x_wconf 79' lang='lat' dir='ltr'><strong>pro·</strong></span> 
     </span>
    </p>

    <p class='ocr_par' dir='ltr' id='par_1_11' title="bbox 236 2009 1702 2143">
     <span class='ocr_line' id='line_1_25' title="bbox 236 2009 1702 2063; baseline 0.001 -13"><span class='ocrx_word' id='word_1_165' title='bbox 236 2010 378 2052; x_wconf 91' lang='lat' dir='ltr'><strong>venire</strong></span> <span class='ocrx_word' id='word_1_166' title='bbox 396 2010 559 2063; x_wconf 85' lang='lat' dir='ltr'><strong>dicitur,</strong></span> <span class='ocrx_word' id='word_1_167' title='bbox 585 2010 754 2051; x_wconf 83' lang='lat' dir='ltr'><strong>omisso.</strong></span> <span class='ocrx_word' id='word_1_168' title='bbox 785 2013 985 2051; x_wconf 81' lang='lat' dir='ltr'><strong>manditur</strong></span> <span class='ocrx_word' id='word_1_169' title='bbox 1014 2014 1098 2052; x_wconf 78' lang='lat' dir='ltr'><strong>sine</strong></span> <span class='ocrx_word' id='word_1_170' title='bbox 1120 2024 1192 2051; x_wconf 80' lang='lat' dir='ltr'><strong>usu</strong></span> <span class='ocrx_word' id='word_1_171' title='bbox 1210 2009 1280 2062; x_wconf 79' lang='lat' dir='ltr'><strong>R2,</strong></span> <span class='ocrx_word' id='word_1_172' title='bbox 1312 2013 1590 2061; x_wconf 82' lang='lat' dir='ltr'><strong>manditurque</strong></span> <span class='ocrx_word' id='word_1_173' title='bbox 1617 2014 1702 2051; x_wconf 81' lang='lat' dir='ltr'><strong>sine</strong></span> 
     </span>
     <span class='ocr_line' id='line_1_26' title="bbox 236 2087 1573 2143; baseline 0 -15"><span class='ocrx_word' id='word_1_174' title='bbox 236 2103 309 2129; x_wconf 81' lang='lat' dir='ltr'><strong>usu</strong></span> <span class='ocrx_word' id='word_1_175' title='bbox 341 2101 379 2141; x_wconf 85' lang='lat' dir='ltr'><strong>a,</strong></span> <span class='ocrx_word' id='word_1_176' title='bbox 410 2101 515 2143; x_wconf 83' lang='lat' dir='ltr'><strong>quos</strong></span> <span class='ocrx_word' id='word_1_177' title='bbox 546 2087 667 2129; x_wconf 88' lang='lat' dir='ltr'><strong>codd.</strong></span> <span class='ocrx_word' id='word_1_178' title='bbox 699 2092 745 2129; x_wconf 86' lang='lat' dir='ltr'><strong>ut</strong></span> <span class='ocrx_word' id='word_1_179' title='bbox 775 2089 955 2143; x_wconf 82' lang='lat' dir='ltr'><strong>optimos</strong></span> <span class='ocrx_word' id='word_1_180' title='bbox 987 2093 1182 2130; x_wconf 78' lang='lat' dir='ltr'><strong>auctores</strong></span> <span class='ocrx_word' id='word_1_181' title='bbox 1214 2092 1383 2128; x_wconf 78' lang='lat' dir='ltr'><strong>secutus</strong></span> <span class='ocrx_word' id='word_1_182' title='bbox 1415 2087 1573 2129; x_wconf 83' lang='lat' dir='ltr'><strong>scribo:</strong></span> 
     </span>
    </p>

    <p class='ocr_par' dir='ltr' id='par_1_12' title="bbox 289 2165 1698 2221">
     <span class='ocr_line' id='line_1_27' title="bbox 289 2165 1698 2221; baseline 0 -14"><span class='ocrx_word' id='word_1_183' title='bbox 289 2171 468 2207; x_wconf 75' lang='lat' dir='ltr'><strong>nascitur</strong></span> <span class='ocrx_word' id='word_1_184' title='bbox 485 2170 525 2207; x_wconf 80' lang='lat' dir='ltr'><strong>in</strong></span> <span class='ocrx_word' id='word_1_185' title='bbox 541 2171 694 2218; x_wconf 78' lang='lat' dir='ltr'><strong>asper1&#39;s</strong></span> <span class='ocrx_word' id='word_1_186' title='bbox 709 2180 744 2207; x_wconf 88' lang='lat' dir='ltr'><strong><em>m</em></strong></span> <span class='ocrx_word' id='word_1_187' title='bbox 757 2181 782 2206; x_wconf 79' lang='lat' dir='ltr'><em>a</em></span> <span class='ocrx_word' id='word_1_188' title='bbox 793 2180 817 2206; x_wconf 85' lang='lat' dir='ltr'><em>n</em></span> <span class='ocrx_word' id='word_1_189' title='bbox 831 2168 860 2206; x_wconf 84' lang='lat' dir='ltr'><strong>d</strong></span> <span class='ocrx_word' id='word_1_190' title='bbox 868 2171 880 2207; x_wconf 83' lang='grc' dir='ltr'><strong>ι’</strong></span> <span class='ocrx_word' id='word_1_191' title='bbox 890 2175 936 2207; x_wconf 78' lang='lat' dir='ltr'><strong>tu</strong></span> <span class='ocrx_word' id='word_1_192' title='bbox 946 2181 1000 2218; x_wconf 83' lang='lat' dir='ltr'><strong>rq</strong></span> <span class='ocrx_word' id='word_1_193' title='bbox 1011 2182 1035 2207; x_wconf 83' lang='lat' dir='ltr'><em>u</em></span> <span class='ocrx_word' id='word_1_194' title='bbox 1047 2180 1067 2207; x_wconf 88' lang='lat' dir='ltr'><strong>e</strong></span> <span class='ocrx_word' id='word_1_195' title='bbox 1076 2183 1090 2216; x_wconf 92' lang='lat'><strong>,·</strong></span> <span class='ocrx_word' id='word_1_196' title='bbox 1110 2170 1195 2207; x_wconf 78' lang='lat' dir='ltr'><strong>sine</strong></span> <span class='ocrx_word' id='word_1_197' title='bbox 1214 2181 1286 2207; x_wconf 77' lang='lat' dir='ltr'><strong>usu</strong></span> <span class='ocrx_word' id='word_1_198' title='bbox 1301 2166 1435 2218; x_wconf 85' lang='lat' dir='ltr'><strong>(sc.in</strong></span> <span class='ocrx_word' id='word_1_199' title='bbox 1450 2165 1698 2221; x_wconf 77' lang='lat' dir='ltr'><strong>medicina).</strong></span> 
     </span>
    </p>

    <p class='ocr_par' dir='ltr' id='par_1_13' title="bbox 234 2243 1699 2455">
     <span class='ocr_line' id='line_1_28' title="bbox 289 2243 1699 2299; baseline 0 -14"><span class='ocrx_word' id='word_1_200' title='bbox 289 2244 396 2285; x_wconf 84' lang='lat' dir='ltr'><strong>Nam</strong></span> <span class='ocrx_word' id='word_1_201' title='bbox 430 2259 492 2285; x_wconf 88' lang='lat' dir='ltr'><strong>vv.</strong></span> <span class='ocrx_word' id='word_1_202' title='bbox 524 2249 562 2285; x_wconf 76' lang='lat' dir='ltr'><strong>in</strong></span> <span class='ocrx_word' id='word_1_203' title='bbox 592 2248 745 2296; x_wconf 79' lang='lat' dir='ltr'><strong>asperis</strong></span> <span class='ocrx_word' id='word_1_204' title='bbox 789 2248 1069 2296; x_wconf 71' lang='lat' dir='ltr'><strong>mandumque</strong></span> <span class='ocrx_word' id='word_1_205' title='bbox 1109 2244 1151 2285; x_wconf 89' lang='lat' dir='ltr'><strong>in</strong></span> <span class='ocrx_word' id='word_1_206' title='bbox 1199 2243 1369 2299; x_wconf 87' lang='lat' dir='ltr'><strong>reliquis</strong></span> <span class='ocrx_word' id='word_1_207' title='bbox 1407 2243 1523 2285; x_wconf 83' lang='lat' dir='ltr'><strong>libris</strong></span> <span class='ocrx_word' id='word_1_208' title='bbox 1556 2243 1699 2285; x_wconf 82' lang='lat' dir='ltr'><strong>VR¹d</strong></span> 
     </span>
     <span class='ocr_line' id='line_1_29' title="bbox 235 2321 1699 2378; baseline -0.001 -15"><span class='ocrx_word' id='word_1_209' title='bbox 235 2327 393 2363; x_wconf 85' lang='lat' dir='ltr'><strong>temere</strong></span> <span class='ocrx_word' id='word_1_210' title='bbox 418 2322 628 2363; x_wconf 84' lang='lat' dir='ltr'><strong>excidisse</strong></span> <span class='ocrx_word' id='word_1_211' title='bbox 660 2323 868 2378; x_wconf 81' lang='lat' dir='ltr'><strong>scriptura</strong></span> <span class='ocrx_word' id='word_1_212' title='bbox 896 2327 1149 2374; x_wconf 76' lang='lat' dir='ltr'><strong>nasciturque</strong></span> <span class='ocrx_word' id='word_1_213' title='bbox 1178 2323 1203 2364; x_wconf 91' lang='lat' dir='ltr'><strong>i.</strong></span> <span class='ocrx_word' id='word_1_214' title='bbox 1236 2336 1270 2365; x_wconf 87' lang='lat' dir='ltr'><strong>e.</strong></span> <span class='ocrx_word' id='word_1_215' title='bbox 1303 2321 1503 2376; x_wconf 79' lang='lat' dir='ltr'><strong>,nascitur</strong></span> <span class='ocrx_word' id='word_1_216' title='bbox 1535 2321 1699 2363; x_wconf 85' lang='lat' dir='ltr'><strong>mandi-</strong></span> 
     </span>
     <span class='ocr_line' id='line_1_30' title="bbox 234 2400 756 2455; baseline 0.004 -15"><span class='ocrx_word' id='word_1_217' title='bbox 234 2403 398 2455; x_wconf 79' lang='lat' dir='ltr'><strong>turquc‘</strong></span> <span class='ocrx_word' id='word_1_218' title='bbox 431 2400 756 2442; x_wconf 76' lang='lat' dir='ltr'><strong>demonstratur.</strong></span> 
     </span>
    </p>
   </div>
   <div class='ocr_carea' id='block_1_9' title="bbox 769 2521 1162 2572">
    <p class='ocr_par' dir='ltr' id='par_1_14' title="bbox 769 2521 1162 2572">
     <span class='ocr_line' id='line_1_31' title="bbox 769 2521 1162 2572; baseline 0.003 -1"><span class='ocrx_word' id='word_1_219' title='bbox 769 2521 928 2572; x_wconf 80' lang='lat' dir='ltr'>LIBER</span> <span class='ocrx_word' id='word_1_220' title='bbox 983 2522 1162 2572; x_wconf 80' lang='lat' dir='ltr'><strong>xxvln.</strong></span> 
     </span>
    </p>
   </div>
   <div class='ocr_carea' id='block_1_10' title="bbox 235 2619 1701 2832">
    <p class='ocr_par' dir='ltr' id='par_1_15' title="bbox 235 2619 1701 2832">
     <span class='ocr_line' id='line_1_32' title="bbox 346 2619 1701 2678; baseline -0.003 -14"><span class='ocrx_word' id='word_1_221' title='bbox 346 2621 411 2664; x_wconf 86' lang='lat' dir='ltr'><strong>Ad</strong></span> <span class='ocrx_word' id='word_1_222' title='bbox 443 2620 553 2664; x_wconf 88' lang='lat' dir='ltr'><strong>hunc</strong></span> <span class='ocrx_word' id='word_1_223' title='bbox 583 2622 734 2664; x_wconf 88' lang='lat' dir='ltr'><strong>librum</strong></span> <span class='ocrx_word' id='word_1_224' title='bbox 765 2621 1078 2665; x_wconf 87' lang='lat' dir='ltr'><strong>emendandum</strong></span> <span class='ocrx_word' id='word_1_225' title='bbox 1109 2623 1308 2678; x_wconf 83' lang='lat' dir='ltr'><strong>quoniam</strong></span> <span class='ocrx_word' id='word_1_226' title='bbox 1350 2621 1506 2677; x_wconf 88' lang='lat' dir='ltr'><strong>optimo</strong></span> <span class='ocrx_word' id='word_1_227' title='bbox 1538 2619 1643 2661; x_wconf 84' lang='lat' dir='ltr'><strong>libro</strong></span> <span class='ocrx_word' id='word_1_228' title='bbox 1675 2632 1701 2661; x_wconf 74' lang='grc' dir='ltr'>ι</span> 
     </span>
     <span class='ocr_line' id='line_1_33' title="bbox 235 2698 1699 2757; baseline -0.002 -15"><span class='ocrx_word' id='word_1_229' title='bbox 235 2701 296 2742; x_wconf 85' lang='lat' dir='ltr'><strong>uti</strong></span> <span class='ocrx_word' id='word_1_230' title='bbox 326 2715 407 2742; x_wconf 91' lang='lat' dir='ltr'><strong>non</strong></span> <span class='ocrx_word' id='word_1_231' title='bbox 439 2701 557 2753; x_wconf 83' lang='lat' dir='ltr'><strong>licet,</strong></span> <span class='ocrx_word' id='word_1_232' title='bbox 598 2715 699 2755; x_wconf 83' lang='lat' dir='ltr'><strong>prae</strong></span> <span class='ocrx_word' id='word_1_233' title='bbox 737 2702 909 2757; x_wconf 81' lang='lat' dir='ltr'><strong>reliquis</strong></span> <span class='ocrx_word' id='word_1_234' title='bbox 948 2701 1007 2742; x_wconf 83' lang='lat' dir='ltr'><strong>R²</strong></span> <span class='ocrx_word' id='word_1_235' title='bbox 1048 2700 1308 2756; x_wconf 77' lang='lat' dir='ltr'><strong>sequendum</strong></span> <span class='ocrx_word' id='word_1_236' title='bbox 1356 2712 1451 2741; x_wconf 80' lang='lat' dir='ltr'><strong>esse</strong></span> <span class='ocrx_word' id='word_1_237' title='bbox 1496 2698 1699 2750; x_wconf 62' lang='lat' dir='ltr'><strong>arbitron-5</strong></span> 
     </span>
     <span class='ocr_line' id='line_1_34' title="bbox 236 2778 1700 2832; baseline -0.003 -11"><span class='ocrx_word' id='word_1_238' title='bbox 236 2781 343 2822; x_wconf 87' lang='lat' dir='ltr'><strong>illius</strong></span> <span class='ocrx_word' id='word_1_239' title='bbox 376 2780 484 2820; x_wconf 88' lang='lat' dir='ltr'><strong>enim</strong></span> <span class='ocrx_word' id='word_1_240' title='bbox 518 2779 672 2819; x_wconf 73' lang='lat' dir='ltr'><strong>codicis</strong></span> <span class='ocrx_word' id='word_1_241' title='bbox 711 2780 885 2820; x_wconf 79' lang='lat' dir='ltr'><strong>alteram</strong></span> <span class='ocrx_word' id='word_1_242' title='bbox 922 2793 1090 2820; x_wconf 85' lang='lat' dir='ltr'><strong>manum</strong></span> <span class='ocrx_word' id='word_1_243' title='bbox 1136 2779 1187 2819; x_wconf 80' lang='lat' dir='ltr'><strong>ad</strong></span> <span class='ocrx_word' id='word_1_244' title='bbox 1221 2791 1244 2818; x_wconf 82' lang='lat' dir='ltr'>a</span> <span class='ocrx_word' id='word_1_245' title='bbox 1276 2778 1464 2832; x_wconf 80' lang='lat' dir='ltr'><strong>proxime</strong></span> <span class='ocrx_word' id='word_1_246' title='bbox 1496 2778 1700 2818; x_wconf 80' lang='lat' dir='ltr'><strong>accedere</strong></span> 
     </span>
    </p>
   </div>
  </div>
 </body>
</html>
