1914 3237
253 151 331 192 174
834 152 965 195 Liber
996 154 1142 196 XIII.

145 285 226 326 ‘223
825 277 889 327 68
908 304 953 322 =
978 280 1054 339 ll,
1072 279 1154 328 21.

314 374 384 424 Et
412 375 535 423 hanc
571 376 859 445 (chartam)
895 378 1166 428 Alexandri
1203 378 1360 442 magni
1402 375 1605 426 victoria
1643 392 1719 423 re-

314 474 499 529 pertam
530 473 701 515 auctor
731 475 806 515 cst
842 468 911 516 Μ.
943 468 1129 530 Varro,
1176 467 1370 516 condita
1404 465 1453 515 in
1490 466 1718 530 Aegypto

313 555 639 615 Alexandria;
680 564 789 604 ante
833 573 892 604 ea
934 574 1030 605 non
1062 557 1215 606 fuisse
1254 557 1529 606 chartarum
1564 571 1719 614 usum,

314 645 361 692 in
395 646 661 709 palmarum
699 646 825 693 soliis
862 645 1019 710 primo
1053 647 1377 711 scriptitatum
1414 650 1496 692 rel.

359 752 465 791 Inde
503 763 529 791 a
559 751 707 792 verbis
750 754 795 793 in
824 751 953 808 palm.
987 750 1060 808 fol.
1091 766 1295 794 sermone
1335 752 1504 793 directo
1537 750 1719 792 Plinium

247 830 308 871 uti
340 829 547 883 coepisse
576 842 630 869 ac
663 829 981 884 digressionem
1021 830 1076 870 de
1117 842 1172 870 ea
1205 829 1388 869 materie
1425 841 1552 883 quam
1591 834 1722 867 antea

249 907 305 948 ad
328 907 608 948 scribendum
643 905 843 948 homines
874 906 1157 957 adhibebant,
1186 921 1272 947 non
1303 913 1522 962 tamquam
1552 917 1579 945 a
1610 903 1721 945 Var-

248 999 356 1026 rone
386 993 618 1039 acceptam
650 983 868 1039 proferre,
901 997 998 1025 cum
1038 991 1131 1025 tota
1161 983 1247 1025 loci
1279 983 1350 1039 qui
1380 985 1578 1039 sequitur
1608 983 1720 1024 ratio

248 1065 378 1106 docet
419 1071 507 1105 tum
546 1064 810 1118 praesertim
847 1063 1028 1105 verbum
1069 1063 1324 1105 invenimus.
1388 1062 1498 1104 Tum
1534 1063 1721 1114 demum,

246 1157 376 1197 quum
409 1143 462 1184 de
493 1145 846 1184 membranarum
876 1143 1128 1185 inventione
1157 1142 1366 1198 loquitur,
1397 1141 1643 1183 Varronem
1669 1154 1720 1182 se

245 1222 372 1278 sequi
402 1229 602 1263 testatur.
663 1220 802 1263 Aliter
831 1221 961 1276 igitur
991 1228 1060 1262 est
1088 1219 1511 1274 interpungendum:

303 1299 675 1340 —Alexandrim
707 1305 867 1339 antea
895 1299 974 1352 (ita
992 1298 1103 1339 enim
1121 1298 1266 1352 potius
1285 1298 1457 1351 scribo)
1485 1310 1572 1337 non
1587 1293 1722 1351 sitisse

303 1377 556 1419 chartarum
594 1393 732 1420 usum.
807 1378 870 1418 In
906 1377 1152 1434 palmarum
1187 1373 1303 1432 foliis
1335 1375 1473 1432 primo
1508 1374 1720 1430 scriptita-

304 1465 393 1499 tum
422 1457 498 1499 rel.

359 1537 567 1579 Similiter
585 1537 816 1578 Gesnerus
846 1549 1022 1590 quoque
1050 1537 1091 1577 in
1120 1535 1366 1577 Clu-estom.
1395 1547 1436 1588 p.
1449 1532 1543 1573 499.
1572 1532 1720 1573 distin-

246 1615 323 1668 xit,
355 1615 436 1657 nisi
468 1613 585 1670 quod
617 1614 746 1656 etiam
777 1620 880 1668 post
908 1627 950 1654 v.
975 1612 1257 1654 Alexandria
1284 1619 1494 1667 punctum
1525 1610 1689 1666 posuit.

139 1746 221 1786 0³4
811 1714 877 1764 85
898 1740 942 1757 =
966 1675 1048 1776 {si-2,
1075 1715 1153 1764 27.

141 1775 190 1786 nc

357 1816 545 1870 Insignis
577 1823 644 1857 est
673 1815 799 1857 locus
819 1816 872 1856 de
889 1815 1059 1857 Numae
1079 1814 1199 1856 libris
1231 1828 1271 1855 a.
1288 1828 1328 1856 u.
1346 1812 1576 1855 DXXXV,
1599 1811 1719 1853 aCn.

245 1895 453 1936 Terentio
485 1895 634 1936 scriba
670 1894 881 1947 repertis,
923 1907 1075 1934 verum
1117 1891 1262 1933 multis
1302 1891 1415 1932 vitiis
1451 1890 1719 1945 inquinatus,

245 1987 429 2028 quorum
471 1972 556 2012 alia
589 1969 784 2025 Silligius
825 1969 1077 2011 melioribus
1117 1969 1241 2010 codd.
1279 1968 1471 2010 feliciter
1505 1983 1612 2010 usus
1647 1983 1719 2010 su-

243 2051 383 2101 stulit,
422 2051 507 2091 alia
539 2048 816 2091 emendanda
858 2047 1044 2102 reliquit.
1114 2046 1170 2087 Et
1212 2046 1592 2100 perturbatissima
1632 2046 1720 2101 qui-

245 2132 341 2172 dem
381 2130 507 2171 Plinii
544 2129 685 2170 verba
722 2128 807 2168 iam
852 2127 893 2167 in
933 2126 1180 2180 archetypo
1227 2124 1367 2166 fuisse
1407 2137 1568 2178 magna
1609 2123 1719 2165 scri-

242 2217 414 2263 pturae,
445 2221 726 2249 numerorum
755 2206 1018 2261 praesertim
1052 2205 1266 2246 varietate
1287 2211 1330 2246 et
1357 2203 1527 2245 lacunis
1559 2203 1719 2245 evinci-

242 2297 310 2329 tur
340 2289 496 2343 quibus
526 2301 580 2328 ne
613 2287 709 2340 ipse
743 2285 917 2341 quidem
959 2284 1060 2326 cod.
1094 2284 1135 2325 R
1164 2297 1332 2324 vacuus
1370 2290 1454 2325 est.
1527 2282 1717 2322 Primum

242 2366 386 2408 Cassii
419 2366 630 2407 Heminae
667 2366 805 2405 verba
837 2378 922 2404 non
959 2377 986 2405 a
1021 2377 1136 2405 voce
1178 2361 1383 2418 lapidem,
1422 2360 1548 2402 sicuti
1584 2359 1719 2402 voluit

242 2443 458 2499 Silligius‚
499 2443 579 2484 sed
615 2455 642 2482 a
671 2440 957 2482 Mirabantur
998 2441 1192 2495 incipere
1231 2446 1317 2480 tum
1355 2439 1479 2480 Plinii
1519 2440 1717 2480 oratione

242 2529 327 2563 tum
355 2522 574 2563 infinitivis
604 2521 812 2575 antiquae
842 2519 1013 2561 formae
1042 2519 1299 2559 arbitrarier
1326 2519 1614 2574 significatur,
1644 2518 1716 2572 qui

241 2615 266 2642 a
294 2602 430 2642 verbo
461 2600 739 2650 „reddebam
769 2600 859 2653 apti
889 2607 1004 2641 sunt.
1045 2598 1224 2641 Scilicet
1242 2598 1308 2640 sic
1327 2596 1516 2653 loquitur
1532 2596 1717 2638 Cassius

241 2700 265 2726 a
287 2684 423 2726 Plinio
444 2684 511 2725 his
533 2684 681 2726 verbis
705 2683 890 2724 citatus:
920 2676 1074 2741 ipsius
1093 2675 1337 2725 Heminae
1355 2676 1503 2722 verba
1524 2691 1714 2738 ponam.

308 2778 610 2828 Mirabantur
647 2778 753 2838 alii,
793 2777 1037 2843 quomodo
1068 2777 1135 2825 illi
1170 2775 1278 2824 libri
1315 2775 1495 2824 durare
1530 2772 1717 2839 potuis-
