1914 3237
752 165 884 207 Liber
911 167 943 206 I
942 167 973 207 I
973 199 981 207 .
1546 161 1599 202 25

126 286 443 328 restituendum
481 301 609 328 esse:
645 286 881 328 Athenis
914 287 962 328 V
989 287 1206 330 milium.
1276 287 1507 328 Postremo
1540 284 1597 326 al-

126 372 264 406 terum
296 379 499 421 passuum
529 379 626 406 cum
656 368 856 408 omnibus
889 366 1017 407 codd.
1047 375 1230 419 praeter
1259 366 1300 406 R
1336 374 1379 408 et
1407 365 1598 421 vulgatis

128 443 340 498 exemplis
369 444 506 485 omitti
539 452 725 500 oportet.

757 551 961 600 Ibidem.
1625 550 1679 591 35

190 670 452 718 Herodoto
491 669 686 734 quidem
733 668 774 716 si
819 668 1090 730 credimus,
1145 685 1277 717 mare
1321 669 1413 717 fuit
1452 686 1602 733 supra

191 760 457 825 Memphim
507 777 664 824 usque
712 759 772 807 ad
815 759 1113 824 Aethiopum
1158 767 1348 807 montes
1384 759 1599 823 itemque

192 868 220 899 a
263 851 462 916 planis
499 851 786 912 Arabiae,
836 868 970 899 mare
1017 850 1149 898 circa
1193 850 1337 898 Ilium
1396 857 1445 898 et
1499 858 1599 899 tota

192 941 496 990 Teuthranie
533 959 725 1007 quaque
759 959 956 1006 campos
988 941 1208 989 intulerit
1244 941 1529 990 Maeander.

232 1057 331 1098 Non
366 1070 615 1112 congruere
650 1058 772 1099 Plinii
802 1059 946 1100 locum
985 1071 1083 1099 cum
1116 1058 1168 1100 iis
1202 1071 1315 1114 quae
1345 1057 1598 1102 Herodotus

120 1137 170 1178 ΙΙ.
191 1137 254 1178 10.
271 1145 314 1178 et
333 1137 397 1177 ll.
427 1137 687 1191 disputavit,
725 1137 949 1178 Pintianus
980 1138 1231 1191 perspexit,
1264 1151 1527 1192 quamquam
1558 1146 1600 1181 et

123 1216 218 1271 ipse
250 1218 349 1257 dum
380 1217 426 1256 in
444 1216 588 1272 planis
619 1217 810 1268 coniicit,
844 1217 1059 1258 Herodoti
1090 1224 1278 1258 mentem
1310 1231 1397 1259 non
1430 1225 1498 1259 est
1525 1231 1600 1259 as-

122 1304 315 1340 secutus,
355 1296 535 1339 Scilicet
558 1296 812 1338 Herodotus
843 1297 984 1337 sinum
1012 1299 1146 1338 maris
1171 1310 1299 1352 quem
1330 1297 1370 1338 in
1390 1297 1598 1353 Aegypto

122 1375 224 1417 olim
254 1376 480 1418 exstitisse
512 1377 595 1418 sibi
626 1383 932 1431 persuaserat,
964 1375 1284 1427 cumArabico,
1316 1390 1445 1431 quem
1468 1376 1599 1418 talem

118 1463 307 1497 noverat
321 1455 462 1511 qualis
472 1455 694 1512 hodieque
707 1456 995 1510 conspicitur,
1007 1454 1283 1508 comparavit
1297 1454 1598 1509 (cf.Niebuhr.

121 1535 286 1589 Opusc.
311 1534 395 1577 vol.
416 1535 443 1577 I.
467 1551 508 1590 p.
526 1536 663 1590 150),
709 1548 855 1590 neque
902 1535 1133 1575 immanem
1182 1548 1310 1589 quem
1350 1534 1516 1577 Plinius
1558 1537 1599 1577 ei

120 1614 357 1655 obtrudere
378 1615 550 1655 videtur
581 1628 780 1657 errorem
808 1627 1000 1669 unquam
1032 1613 1263 1657 commisit.
1325 1613 1439 1655 Num
1469 1614 1599 1669 igitur

120 1692 250 1734 huius
282 1693 465 1734 Plinium
493 1692 870 1734 insimulabimus?
930 1692 1135 1746 Minime,
1175 1692 1306 1733 modo
1338 1707 1446 1735 vera
1479 1696 1598 1748 apud

120 1785 219 1813 eum
239 1772 372 1813 lectio
396 1773 666 1814 restituatur.
728 1772 909 1814 Scilicet
939 1773 1104 1826 „plana
1123 1771 1350 1813 Arabiae“
1380 1787 1467 1814 non
1498 1782 1600 1816 sunt

119 1851 162 1891 in
193 1850 424 1904 peninsula
453 1850 648 1893 Arabica
674 1850 781 1905 sita,
827 1852 908 1893 sed
939 1851 980 1891 in
1012 1852 1122 1906 ipsis
1152 1852 1346 1909 Aegypti
1382 1852 1596 1896 confiniis.

120 1929 263 1977 Quum
293 1930 408 1971 enim
439 1930 538 1971 Nilo
570 1944 699 1971 amne
731 1929 930 1972 Africam
966 1931 1020 1972 ab
1052 1931 1164 1973 Asia
1193 1932 1333 1973 dirimi
1360 1935 1598 1977 arbitretur

118 2007 284 2051 Plinius
307 2008 576 2063 111.3,V.47‚
606 2010 721 2051 ultra
750 2009 908 2051 ostium
933 2008 1214 2052 Pelusiacum
1228 2011 1439 2056 Arabiam
1469 2016 1598 2057 sitam

119 2099 221 2128 esse
249 2087 453 2141 perhibet
480 2088 536 2133 V.
558 2088 634 2139 65,
673 2102 787 2144 quae
816 2089 1023 2130 Iudaeam
1052 2091 1108 2131 ab
1138 2090 1347 2147 Aegypto
1381 2094 1596 2136 distermi-

117 2174 193 2207 net
240 2166 333 2209 ΧΠ.
371 2167 449 2222 46,
511 2169 754 2223 urbemque
801 2167 1062 2223 Heliopolim
1107 2169 1305 2212 Arabiae
1358 2175 1596 2215 contermi-

117 2258 218 2286 nam
262 2247 459 2288 nominat
493 2248 549 2288 V.
576 2247 647 2291 61.
721 2250 849 2296 Quae
883 2262 1013 2304 quum
1047 2248 1144 2290 fere
1182 2263 1206 2291 e
1235 2251 1419 2306 regione
1451 2253 1592 2294 Mem-

117 2324 217 2378 phis
255 2325 340 2366 sita
376 2325 526 2377 fuerit,
562 2327 697 2368 maris
737 2326 850 2368 illius
883 2327 1042 2368 interni
1073 2327 1184 2370 fines
1217 2331 1381 2385 optime
1408 2331 1596 2374 Aethio-

117 2417 219 2457 pum
261 2406 481 2447 montibus
520 2413 564 2448 et
604 2406 802 2448 Arabiae
842 2406 988 2460 planis
1027 2407 1348 2453 describuntur.
1406 2411 1595 2454 Librarii

117 2489 262 2524 autem
299 2483 371 2539 qui
407 2484 697 2540 archetypum
739 2486 998 2540 descripsit,
1051 2488 1167 2530 oculi
1203 2498 1431 2542 errarunt,
1477 2492 1595 2547 quod

116 2574 248 2602 unum
289 2575 468 2604 versum
505 2565 649 2606 omisit
683 2572 844 2619 postea
880 2574 1175 2620 praepostero
1217 2568 1319 2610 loco
1363 2569 1593 2614 insertum.

118 2640 407 2684 Scribendum
437 2649 502 2685 est
535 2643 690 2699 igitur:

173 2761 223 2768 —-
256 2753 377 2778 mare
406 2736 493 2794 fuit
520 2753 653 2795 supra
680 2737 915 2794 Illemphim
946 2755 972 2779 α
998 2740 1176 2796 planis
1189 2740 1428 2785 Arabiae
1456 2757 1593 2804 usque

176 2815 233 2855 acl
261 2816 521 2873 Aethiopum
550 2824 714 2861 montes
739 2820 924 2881 itemque
950 2834 1072 2861 mare
1099 2820 1177 2864 rel.
