1914 3237
759 177 874 216 Liber
903 177 1038 216 XXV.
1551 171 1627 213 141

165 305 334 347 Galatia
363 307 609 359 nominavit,
646 306 698 346 ab
732 304 962 345 editoribus
994 307 1206 344 correctus
1238 302 1303 355 sit,
1335 301 1385 344 cf.
1416 301 1532 343 XVI.
1564 302 1629 344 33.

165 384 198 437 ξ.
232 385 310 428 105
341 387 453 424 hiera
485 388 625 425 bomne
652 383 816 423 divisim
848 381 1070 422 scribenda
1100 385 1203 421 erat.

727 494 817 541 116
855 508 907 527 =
948 493 1073 548 9,(58.

230 579 374 628 Acini
416 579 728 644 (cyclamini)
779 583 962 627 tantum
998 578 1047 626 in
1083 593 1187 635 usu,
1223 582 1369 641 gustu
1408 579 1504 627 acri
1542 578 1630 626 sed

233 665 377 726 lenti;
414 668 659 716 siccantur
691 672 783 716 etc.

275 768 370 794 acre
390 753 426 794 V
448 755 487 795 R
515 759 586 795 sed
613 758 705 795 lenti
733 754 769 793 V
790 754 829 794 R
847 755 894 793 a²
918 753 943 793 d
970 757 1131 794 scelente‘
1155 754 1219 806 a¹;
1251 752 1517 794 scribendum
1550 759 1632 793 est:

162 846 292 872 acres
322 841 367 872 et
397 837 508 885 lenti,
550 833 655 873 sicut
685 831 867 894 XXVII..
899 831 951 874 22
999 845 1096 872 acre
1132 840 1292 882 qustum
1331 844 1382 872 ac
1420 834 1560 871 lentum
1593 836 1633 871 et

165 910 232 952 hic
263 911 375 966 apud
405 911 599 952 Dioscor.
629 909 778 953 1L194
809 909 960 965 δριμὺς
992 941 1000 949 .
1033 942 1041 951 .
1073 912 1146 950 καὶ
1175 908 1378 964 γλισχρός
1411 908 1578 963 legitur.

731 1005 1076 1060 132=11‚83.
1497 1052 1501 1056 .

228 1091 494 1155 Alopccias
547 1090 776 1139 emendat
828 1089 1135 1154 nymphaeae
1173 1089 1429 1139 Heracliae
1480 1089 1631 1146 radix,

231 1178 270 1226 si
310 1194 403 1227 una
438 1179 576 1227 tritae
602 1177 861 1226 illinantur.

244 1270 380 1307 siueua
398 1266 453 1305 Vl
478 1265 553 1306 Rd
572 1265 627 1306 E2
658 1270 738 1305 sive
766 1265 835 1305 V2.
869 1266 1032 1306 Siccam
1064 1266 1200 1320 picem
1229 1266 1254 1308 i.
1287 1278 1323 1306 e.
1354 1266 1496 1306 tritam
1531 1279 1628 1306 con-

164 1349 229 1385 tra
258 1344 468 1398 alopecias
499 1344 640 1384 valere
670 1343 830 1384 XXIV.
861 1344 914 1387 39
951 1343 1152 1397 traditur,
1195 1358 1251 1385 sc.
1285 1357 1380 1385 cum
1410 1343 1633 1384 Heracliae

163 1421 318 1475 radice,
350 1423 400 1463 cf.
432 1421 711 1463 Dioscor.III.
745 1422 834 1463 158.
894 1422 1085 1476 Apparet
1114 1422 1241 1477 igitur
1270 1422 1376 1477 picis
1409 1422 1451 1462 in
1482 1422 1633 1462 lacuna

163 1499 421 1541 mentionem
450 1500 605 1541 factam
643 1514 750 1553 esse,
796 1514 893 1540 nam
922 1500 1123 1541 nonnulla
1154 1500 1365 1541 excidisse
1404 1500 1470 1542 vel
1500 1512 1634 1555 prava

162 1579 423 1620 correctione
443 1578 598 1619 codicis
618 1579 674 1619 V2
705 1578 934 1631 indicatur,
967 1578 1116 1633 quodsi
1135 1578 1280 1620 codice
1306 1593 1331 1620 a
1362 1578 1429 1619 hic
1455 1579 1516 1619 uti
1534 1578 1632 1618 lice-

163 1662 240 1710 ret,
271 1656 400 1698 nihilo
425 1657 560 1711 magis
580 1657 759 1698 fortasse
781 1657 1022 1698 coniectura
1044 1670 1148 1711 opus
1169 1662 1295 1709 esset,
1327 1670 1451 1712 quam
1486 1657 1522 1710 ξ.
1549 1657 1633 1708 147,

1660 477 1742 518 540
1788 540 1795 547 .

1663 1034 1739 1075 541

162 1737 235 1778 ubi
258 1736 350 1778 cod.
382 1736 440 1776 V2
470 1738 703 1787 medicatur,
733 1735 840 1776 Vlst
869 1739 1096 1787 medicetur,
1129 1748 1153 1775 a
1172 1734 1198 1775 d
1228 1739 1341 1776 recte
1373 1739 1632 1776 medicamen·
1657 1741 1661 1745 “

163 1819 212 1856 tis
255 1819 440 1855 miscella·
485 1813 654 1854 habent.
725 1813 847 1854 Nunc
892 1813 1004 1854 illam
1049 1813 1243 1854 lacunam
1293 1814 1484 1868 proximo
1532 1813 1632 1853 vitio

163 1893 199 1948 ἓ.
235 1893 311 1935 133
343 1892 501 1946 expleri
533 1892 724 1932 arbitror.
755 1891 1019 1932 Vocabulum
1053 1892 1163 1932 enim
1185 1896 1369 1933 admixta
1399 1890 1511 1947 quod
1541 1890 1633 1931 voci

163 1973 288 2011 radix
318 1969 427 2010 male
459 1969 499 2010 in
534 1970 647 2029 libris
679 1969 797 2011 MSS.
829 1969 1011 2022 additur,
1044 1969 1266 2010 Pintianus
1297 1969 1518 2011 ferendum
1549 1982 1632 2008 non

165 2061 260 2089 esse
292 2047 602 2100 animadvertit,
635 2047 995 2103 transponendum
1028 2061 1121 2089 esse
1153 2047 1205 2088 ad
1238 2048 1415 2089 alterum
1445 2063 1482 2088 v.
1511 2050 1633 2087 radia:

163 2139 248 2167 non
278 2125 394 2167 vidit.
454 2125 732 2167 Scribendum
765 2139 860 2167 esse
892 2126 1091 2167 arbitror:

216 2209 251 2246 si
279 2219 358 2245 uno
391 2207 624 2245 admixta
648 2208 755 2256 pici
785 2208 902 2244 tritae
930 2209 1133 2245 illinantur
1167 2211 1246 2254 (sc.
1278 2204 1537 2260 alopeciae).

733 2308 823 2354 133
843 2322 893 2339 Ξ
921 2308 1074 2363 11,84.

229 2393 341 2442 item
398 2392 690 2457 lingulaca.
730 2432 739 2441 .
779 2394 917 2443 cuius
971 2393 1108 2443 radix
1160 2380 1416 2444 'combusta
1466 2394 1635 2443 teritur

230 2498 338 2531 cum
359 2481 502 2546 adipe
541 2481 641 2530 suis
663 2482 856 2546 nigrae,
893 2482 942 2530 id
957 2497 1154 2546 quoque
1168 2482 1406 2547 excipitur
1442 2487 1492 2531 ut
1530 2483 1634 2532 eius

230 2570 291 2619 sit
326 2569 428 2618 suis
466 2585 590 2634 quae
628 2585 888 2634 numquam
927 2571 1129 2635 peperit,

275 2658 461 2699 Verbum
492 2662 542 2698 sil
587 2658 709 2699 abest
749 2671 774 2698 a
803 2658 919 2698 libris
950 2657 1070 2698 MSS.
1113 2658 1181 2713 qui
1212 2663 1296 2699 elas
1343 2664 1404 2700 uis
1445 2659 1508 2700 vel
1552 2665 1635 2700 eius

162 2739 244 2777 suis
273 2736 446 2789 habent,
477 2741 592 2777 recte
624 2742 665 2777 et
696 2736 734 2776 ei
764 2749 848 2791 qua
877 2735 1039 2776 Plinius
1070 2736 1111 2776 in
1133 2735 1356 2778 verborum
1387 2738 1523 2792 ellipsi
1556 2738 1634 2778 uti-

163 2818 230 2855 tur
268 2814 452 2855 libertati
492 2814 823 2856 accommodate.
885 2813 944 2854 Of.
980 2813 1265 2869 (ji-asberger,
1314 2815 1366 2857 de
1408 2829 1488 2857 usu
1525 2815 1633 2856 Plin.
