1914 3237
259 123 338 165 136
852 123 982 166 Liber
1013 124 1059 166 V
1055 123 1119 166 II
1119 154 1130 165 .

257 255 344 289 tum
377 245 458 288 sed
484 244 704 286 dimidium
736 245 829 288 fere
863 247 948 288 diei
979 247 1216 302 significari
1247 253 1370 289 recte
1391 245 1608 288 Miillcrus
1639 245 1729 288 ani·

257 325 502 373 madvertit,
530 338 616 379 quo
639 325 706 366 sol
726 334 825 380 post
846 327 1069 368 meridiem
1094 327 1148 368 ad
1171 339 1380 367 occasmn
1400 332 1570 380 vergat,
1601 338 1730 379 quum

259 404 426 445 Plinius
457 411 623 445 certam
656 405 844 460 aliquam
876 408 984 448 solis
1018 408 1277 461 positionem
1308 405 1511 446 limitibus
1545 405 1733 446 definitis

257 483 479 524 indicasse
510 483 729 537 putandus
761 485 829 526 sit.
889 485 1158 526 Necessario
1189 486 1317 540 igitur
1348 485 1485 526 verba
1515 483 1609 534 „ad
1638 496 1734 524 car-

260 575 407 603 cerem
437 560 643 602 inclinato
674 562 859 602 sidcre“
898 563 1203 615 coniungenda
1243 570 1355 603 sunt.
1423 561 1570 602 Minus
1603 561 1733 601 etiam

258 638 512 680 verisimilis
549 645 618 679 est
658 637 830 679 Mulieri
870 639 1112 692 sententia,
1154 640 1208 680 de
1246 653 1331 695 qua
1375 640 1470 693 ipse
1508 639 1733 680 dubitavit.

259 717 416 772 Neque
441 717 554 758 enim
586 715 657 757 vcl
684 717 854 758 aestivo
885 716 1070 758 solstitio
1101 716 1170 757 sol
1191 731 1304 771 pone
1324 717 1584 771 Capitolium
1616 718 1736 758 occi-

262 797 372 837 dens
389 809 415 836 a
435 795 532 836 foro
560 794 757 847 conspici
780 795 916 848 potuit
940 808 1084 849 neque
1107 794 1160 835 de
1185 796 1367 836 aestivis
1393 803 1557 836 tantum
1581 797 1736 837 diebus

260 874 434 915 locutus
457 880 526 914 est
551 871 730 919 Plinius,
760 871 838 912 scd
871 871 924 911 de
954 871 1127 911 serenis
1158 872 1360 914 omnibus
1393 886 1472 926 per
1494 880 1628 914 totum
1657 886 1739 915 an·-

260 967 375 996 num.
434 952 579 1007 Atque
611 951 819 991 Osannus
852 958 896 992 et
930 950 1158 992 Beckerus
1186 964 1400 992 summam
1433 964 1546 1006 quae
1575 960 1664 992 turn
1694 952 1736 992 in

261 1038 355 1073 tota
377 1031 632 1072 narratione
655 1038 794 1072 restat
821 1029 1122 1072 difficultatem
1152 1030 1328 1072 solvere
1347 1046 1432 1072 non
1456 1033 1600 1072 conati
1618 1040 1736 1081 sunt,

262 1110 581 1152 Mommsenius
623 1112 665 1151 in
697 1108 840 1151 libello
876 1123 1005 1164 quem
1038 1110 1092 1151 de
1123 1111 1298 1151 comitio
1326 1109 1528 1151 Romano
1559 1110 1739 1164 scripsit

263 1188 444 1243 (Annal.
471 1188 602 1230 instit.
635 1189 865 1234 archaeol.
884 1189 970 1233 vol.
990 1190 1142 1245 xvi),
1171 1204 1225 1231 ne
1257 1191 1618 1231 commemoravit
1648 1192 1738 1245 qui-

264 1267 374 1307 dem.
413 1265 508 1321 Ego
527 1274 671 1307 autem
689 1266 731 1307 id
752 1267 925 1322 quidem
954 1276 1080 1309 recte
1112 1268 1338 1322 perspexi,
1369 1282 1622 1323 supremam
1650 1276 1739 1310 tum

263 1344 589 1399 pronuntiatam
621 1342 785 1394 fuisse,
817 1359 946 1399 quum
980 1345 1019 1386 ei
1051 1345 1122 1399 qui
1152 1345 1192 1386 in
1228 1346 1440 1399 gradibus
1474 1347 1623 1387 curiae
1649 1354 1739 1388 sta-

263 1432 345 1477 ret,
377 1423 445 1466 sol
477 1425 590 1465 inter
620 1423 864 1465 columnam
898 1424 1116 1466 Maeniam
1153 1433 1197 1466 et
1226 1424 1431 1479 angulum
1465 1424 1667 1480 Capitolii
1699 1425 1740 1466 in

265 1502 542 1543 occidentem
579 1501 703 1555 vergi
740 1501 987 1551 videretur,
1030 1509 1073 1542 et
1104 1500 1350 1543 columnam
1391 1503 1432 1543 in
1475 1502 1617 1544 altera
1657 1503 1742 1545 fori

264 1587 392 1636 parte
426 1593 540 1635 quae
572 1592 598 1619 a
630 1591 816 1619 carcere
853 1577 1116 1619 Mamertino
1155 1588 1324 1621 remota
1363 1594 1389 1621 a
1421 1583 1646 1623 veteribus
1677 1589 1741 1622 ta-

265 1659 415 1700 bernis
446 1656 777 1712 appellabatur,
821 1656 948 1697 sitam
981 1655 1121 1697 fuisse
1158 1658 1396 1700 arbitratus
1425 1673 1538 1703 sum.
1601 1660 1742 1708 Quam

266 1737 530 1779 sententiam
550 1736 651 1777 dum
673 1749 769 1775 cum
791 1734 912 1776 l'linii
942 1736 1088 1776 verbis
1120 1736 1356 1778 conciliare
1375 1739 1551 1788 studeo,
1582 1739 1624 1780 in
1644 1753 1742 1780 eum

267 1829 466 1857 errorem
500 1828 568 1855 me
599 1813 744 1854 delabi
776 1826 940 1867 passus
971 1828 1088 1867 sum,
1131 1822 1176 1854 ut
1218 1814 1272 1855 de
1304 1813 1389 1855 alio
1422 1817 1608 1871 quodam
1642 1831 1744 1858 car-

268 1907 371 1934 cere
402 1892 502 1933 aedi
533 1891 585 1932 D.
617 1890 786 1931 Nicolai
817 1890 960 1931 vicino
991 1892 1249 1944 cogitarem.
1309 1893 1469 1934 Merito
1503 1904 1744 1949 propterea

267 1971 498 2012 Beckerus
535 1984 587 2011 eo
628 1968 773 2009 libello
813 1982 899 2022 quo
935 1967 1037 2008 mihi
1074 1969 1330 2023 respondit:
1371 1971 1458 2011 Zur
1488 1972 1743 2014 romischen

268 2048 580 2104 Topographie
604 2063 646 2102 p.
663 2046 729 2086 42.
761 2060 828 2087 mc
845 2047 1110 2100 vituperavit
1128 2046 1358 2102 locumque
1381 2048 1503 2090 l'linii
1534 2051 1616 2091 sibi
1647 2065 1745 2092 cor·

268 2136 443 2183 ruptum
474 2126 614 2168 videri
648 2126 954 2180 pronuntiavit.
991 2126 1147 2167 Recte.
1186 2126 1366 2168 Scilicet
1395 2142 1525 2182 quum
1558 2144 1607 2171 re
1636 2144 1745 2172 vera

269 2209 382 2249 inter
414 2205 659 2247 columnam
688 2211 731 2243 ct
760 2202 1022 2257 Capitolium
1051 2205 1103 2244 iis
1131 2205 1203 2259 qui
1235 2206 1275 2246 in
1310 2205 1408 2248 soro
1441 2208 1744 2262 constiterant,

270 2285 339 2327 sol
370 2284 577 2325 occidere
605 2282 855 2333 videretur,
887 2283 1030 2337 ipsum
1063 2284 1322 2338 Capitolium
1353 2299 1379 2326 a
1413 2286 1549 2329 l'linio
1581 2288 1744 2344 signifi·

271 2366 364 2408 cari
393 2370 738 2406 consentaneum
769 2370 848 2403 est.
891 2364 1037 2419 Atque
1068 2365 1111 2405 id
1144 2363 1311 2418 perlevi
1343 2379 1471 2420 quam
1494 2367 1624 2408 modo
1645 2380 1746 2420 pro-

271 2445 400 2499 posui
440 2443 677 2483 mutatione
710 2440 914 2483 efficitur.
987 2443 1135 2499 Saepe
1165 2445 1278 2485 enim
1307 2447 1569 2500 praesertim
1598 2446 1640 2487 in
1670 2459 1747 2487 vo·

274 2521 533 2564 cabulorum
577 2521 703 2562 initiis
752 2520 923 2562 litterae
970 2533 996 2564 c
1043 2530 1086 2563 et
1131 2533 1158 2565 a
1198 2530 1354 2577 utpote
1401 2523 1642 2564 simillimae
1689 2524 1749 2564 ita

273 2605 591 2653 permutantur,
622 2605 669 2638 ut
702 2598 821 2651 prior
853 2604 927 2639 aut
956 2599 1178 2641 omittatur
1208 2608 1284 2641 aut
1312 2600 1425 2642 falso
1449 2600 1650 2640 addatur.
1685 2600 1750 2641 Ita

273 2677 495 2719 V111.129.
526 2691 607 2730 pro
638 2692 764 2717 arum
789 2677 920 2719 codd.
951 2677 1016 2719 Td
1052 2677 1257 2729 charum,
1298 2678 1367 2719 alii
1404 2691 1554 2718 carum
1583 2677 1750 2733 legunt,

276 2758 332 2801 ib.
354 2755 451 2797 209.
483 2769 565 2810 pro
597 2754 724 2795 arida
763 2755 805 2796 in
844 2755 1046 2798 omnibus
1089 2753 1302 2810 exemplis
1340 2763 1442 2797 ante
1479 2755 1751 2798 Harduinum
