1914 3237
243 163 321 207 136
824 168 942 207 Liber
969 167 1130 207 XXIV.

306 294 505 344 caelesti
560 296 791 360 perfusiS‚
845 313 957 347 mox
995 298 1038 346 in
1084 297 1181 363 pila
1229 297 1385 347 tunsis
1424 299 1705 364 exprimitur

304 382 524 446 organiS,
559 388 673 432 tunc
711 385 941 434 densatur
974 387 1018 435 in
1059 385 1180 438 sole.

347 469 412 511 Ne
442 470 508 511 hio
539 471 708 526 quidem
738 473 926 528 intelligo
959 487 1031 514 cur
1062 474 1243 514 activum
1275 478 1420 524 spissat
1451 473 1503 514 ab
1535 472 1704 515 editori-

237 547 315 587 bus
346 548 604 610 neglectum.
617 550 691 601 sit,
731 550 843 606 quod
874 551 915 591 in
957 551 1152 591 omnibus
1183 551 1298 592 libris
1329 552 1448 593 MSS.
1479 554 1700 607 reperitur.

235 624 347 666 Fieri
380 627 487 666 enim
520 627 666 681 nequit
698 632 743 668 ut
767 642 892 668 sucus
913 629 1130 683 spissetur,
1161 633 1374 683 postremo
1407 629 1628 670 densetur:
1663 634 1705 670 at

236 704 393 758 optime
425 704 634 758 spissandi
665 705 774 745 vires
804 705 962 746 habere
993 705 1156 747 dicitur.
1189 707 1335 762 Itaque
1356 707 1581 762 legendum
1614 712 1703 749 est:

297 784 433 821 Semen
464 814 471 820 .
505 815 512 822 .
545 817 552 823 .
586 787 754 823 validius
782 788 976 834 spissat.
1035 787 1162 825 Sucus
1191 784 1265 826 rel.

359 862 693 917 121=14,74.
737 862 826 920 (de
857 862 1129 925 cynosbato
1167 877 1204 910 s.
1244 868 1619 927 neurospasto).

302 947 412 997 Fert
448 952 494 997 et
529 963 669 996 uvam
710 949 895 1014 nigram
933 951 977 999 in
1030 949 1168 999 cuius
1204 949 1345 999 acino
1382 964 1584 999 nervum
1623 951 1707 1000 ha-

304 1035 407 1092 bet,
457 1034 586 1084 unde
624 1043 975 1102 neurospastos
1013 1038 1215 1095 (licitur,
1267 1042 1368 1087 tota
1415 1035 1509 1086 alia
1563 1053 1705 1103 quam

305 1123 516 1189 cappari.

349 1211 396 1251 V.
429 1219 509 1251 lom
540 1225 633 1252 eum
667 1226 703 1264 a,
735 1213 904 1267 saepius
934 1213 1080 1254 mutilo
1094 1236 1112 1265 ‚·
1153 1226 1236 1254 non
1269 1213 1438 1269 quidem
1478 1214 1706 1265 omiserim,

129 839 209 882 524

237 1289 311 1330 sed
343 1303 436 1330 cum
467 1289 595 1330 verbo
627 1291 817 1345 proximo
845 1292 1060 1346 superiore
1086 1291 1308 1346 coniungo.
1342 1291 1511 1332 Scilicet
1532 1305 1706 1333 nervum

237 1368 306 1422 qui
344 1368 384 1407 in
417 1368 505 1408 solo
544 1369 664 1408 acino
696 1369 814 1418 insit,
856 1370 932 1410 toti
964 1369 1101 1410 frutici
1134 1382 1289 1409 nomen
1321 1368 1489 1409 dedisse
1536 1370 1594 1410 ait
1622 1369 1706 1411 Pli-

237 1459 344 1486 mus.

128 1525 207 1568 525
522 1526 890 1581 162—-1moz
937 1526 1025 1580 (de
1049 1524 1423 1581 achaemenide)

303 1611 424 1659 hanc
490 1615 649 1659 autem
710 1628 733 1659 a
790 1612 988 1676 regibus
1047 1612 1299 1661 Persarum
1352 1610 1560 1668 [comedi
1611 1612 1706 1670 aut]

304 1699 401 1748 bibi
439 1704 529 1748 etc.

347 1787 423 1827 Vv.
455 1790 605 1827 comede·
636 1796 704 1826 aut
735 1787 887 1828 desunt
917 1788 957 1827 in
989 1787 1110 1828 codd.
1133 1787 1171 1827 V
1190 1789 1289 1840 aA,
1323 1788 1472 1830 deesse
1495 1788 1709 1830 debebant

238 1865 279 1905 in
311 1864 582 1908 editionibus,
644 1866 748 1906 Item

128 1949 208 1992 526
790 1946 1163 1998 163=17‚102.

348 2045 382 2070 v.
415 2039 544 2070 (tutem
581 2031 621 2070 in
662 2031 776 2071 libris
814 2030 962 2070 iisdem
1005 2030 1124 2071 MSS.
1172 2045 1252 2071 non
1292 2032 1526 2085 reperitur,
1565 2033 1706 2087 itaque

238 2108 564 2163 expungendum
597 2109 687 2148 erit.

752 2189 841 2234 177
864 2209 922 2227 Ξ
941 2189 1125 2242 ts›‚117.

303 2274 552 2338 Tordylon
590 2274 666 2322 alii
705 2290 871 2322 semen
916 2273 1018 2321 silis
1057 2289 1166 2323 esse
1205 2274 1444 2330 dixerunt,
1483 2273 1561 2322 alii
1599 2273 1707 2322 her-

128 2227 206 2269 527

307 2363 408 2410 bam
447 2378 530 2426 per
566 2378 633 2410 se.

348 2450 453 2500 ,1100
496 2454 560 2489 est
598 2449 748 2489 sesilis‘
790 2456 902 2490 recte
934 2449 1204 2498 narduinus,
1242 2450 1292 2490 cf.
1338 2449 1477 2489 Diosc.
1509 2448 1581 2489 IV.
1620 2450 1705 2491 161.

240 2527 391 2567 Nescio
432 2527 574 2581 quidni
618 2532 744 2566 ses-isis
790 2528 979 2580 (sas-eleos
1013 2528 1093 2568 iam
1125 2527 1188 2577 K)
1239 2528 1278 2568 in
1311 2533 1470 2568 textum
1519 2527 1704 2580 recipere

241 2605 514 2645 dubitaverit:
549 2605 597 2644 sil
630 2605 738 2645 enim
772 2605 901 2646 herba
934 2619 1015 2645 non
1048 2611 1124 2646 est.

132 2712 211 2750 rog
576 2699 734 2743 179:
754 2698 938 2751 19,118.
983 2695 1071 2749 (dc
1110 2694 1376 2758 graminei.

132 2728 181 2755 .),,

308 2781 354 2828 ln
395 2781 548 2829 vicem
589 2784 693 2829 eius
748 2812 790 2817 -
828 2783 1047 2831 succedit
1104 2783 1359 2831 decoctum
1399 2781 1456 2829 ad
1507 2781 1706 2830 vulnera
