1914 3237
722 193 839 233 Liber
867 193 989 232 XIX.
1531 186 1585 232 79

233 323 298 363 Ita
324 321 449 376 vulgo
477 321 630 376 legitur
669 333 691 360 e
721 319 970 360 Dioscoride
1000 322 1051 361 II.
1086 320 1182 363 138:
1240 323 1283 361 at
1320 331 1418 360 vero
1458 317 1585 372 longe

124 399 237 440 aliud
267 412 422 440 nomen
452 399 494 438 in
525 397 716 438 codicum
747 398 986 451 corruptela
1020 401 1181 439 clzeraitz
1213 412 1237 439 a
1268 412 1310 449 c,
1342 399 1499 438 chet-am
1533 397 1584 446 Θ,

125 490 255 517 ceram
287 476 321 516 Τ
353 475 379 515 (1
409 476 526 528 latet,
558 488 641 515 non
672 476 835 515 chericm
865 475 891 514 i.
925 488 959 515 e.
980 479 1174 531 χηρείαν,
1209 474 1322 529 quod
1351 475 1478 514 Ianus
1511 473 1585 513 du-

124 553 306 594 bitanter
334 552 567 607 proposuit,
599 552 674 593 sed
705 556 851 593 cerain.
885 551 1050 607 Quippe
1079 552 1248 592 disertis
1278 551 1417 593 verbis
1448 550 1585 591 Theo-

121 629 318 684 phrastus
349 629 424 670 IX.
456 630 519 672 15.
551 630 575 672 5
606 630 796 670 nominat
825 629 876 685 ἢν
907 627 1066 672 ἐκεῖνοι
1092 631 1173 685 μὲν
1193 627 1400 685 ῥάφανον
1429 626 1588 685 ἀγρίαν

120 708 303 750 καλοῦσι
331 711 418 749 τῶν
448 705 653 764 δ’ἷατρῶν
681 721 794 756 τινες
828 707 992 763 κεράΐν.

711 843 772 891 87
789 863 846 882 z
872 844 998 898 536.
1617 834 1699 882 399

186 963 248 970 —
283 934 490 983 Manium
519 934 711 984 Curium
736 935 1076 1000 imperatorem
1105 949 1264 998 quem,
1302 932 1587 983 Samnitium

187 1021 363 1087 legatis
400 1038 567 1071 aurum
603 1023 916 1086 repudiaturo
953 1022 1288 1081 afferentibus,
1339 1037 1455 1088 rapa
1489 1026 1588 1072 tor-

184 1115 370 1159 rentem
406 1111 454 1158 in
492 1110 602 1160 foco
630 1111 880 1159 inventum
903 1109 1104 1159 annales
1130 1110 1280 1160 nostri
1306 1110 1585 1175 prodidere.

228 1198 407 1239 Prorsus
446 1211 530 1238 non
560 1197 771 1252 intelligo,
821 1198 920 1252 quid
952 1198 1160 1253 Silligium
1190 1199 1402 1253 impulerit
1439 1202 1485 1238 ut
1515 1212 1587 1253 op·
1639 1255 1642 1257 Α

121 1276 266 1317 timam
297 1289 443 1316 vocem
475 1289 600 1330 quam
636 1276 677 1315 in
708 1276 897 1330 margine
937 1276 1174 1329 annotavit,
1215 1277 1257 1316 in
1287 1276 1413 1316 Plinii
1443 1289 1586 1316 narra-

117 1355 277 1395 tionem
306 1367 391 1395 non
422 1354 650 1408 reciperet:
700 1356 911 1404 leospise'mn
945 1353 1060 1407 dico,
1092 1368 1217 1409 quam
1247 1354 1385 1409 ipsam
1419 1356 1457 1396 Θ
1477 1353 1533 1394 D¹
1566 1368 1587 1395 c

119 1431 344 1481 exhibent,
382 1431 532 1472 leviter
561 1430 642 1471 Td
686 1431 727 1471 in
771 1435 985 1485 hospitum,
1032 1446 1056 1472 a
1088 1432 1131 1472 in
1176 1435 1369 1484 hospitio,
1417 1432 1586 1486 gravius

120 1509 232 1565 quod
262 1510 424 1550 mireris
455 1509 515 1549 D2
545 1509 587 1549 in
619 1513 670 1550 al)
701 1512 871 1550 hominm
902 1515 1189 1565 corruperunt.
1221 1510 1295 1550 Illa
1327 1511 1437 1551 enim
1470 1523 1586 1563 voce,

119 1601 245 1643 quam
275 1588 403 1628 etiam
426 1587 554 1628 Ianus
586 1588 794 1642 neglexit,
847 1592 943 1628 ante
976 1602 1010 1628 v.
1042 1592 1304 1639 repudiaturo
1343 1588 1503 1628 inserta
1534 1587 1587 1628 ad

119 1677 257 1705 rerum
289 1678 454 1719 quoque
503 1665 749 1706 memoriam
789 1665 947 1720 aliquid
978 1665 1135 1706 addere
1183 1666 1339 1707 licebit.
1398 1667 1588 1721 Apparet

120 1742 231 1782 enim
264 1741 585 1798 Curiumquum
618 1743 870 1785 Samnitium
920 1743 1132 1799 quondam
1163 1743 1346 1784 hostium
1385 1749 1474 1784 tum
1503 1744 1587 1784 iam

120 1820 355 1874 clientium,
394 1826 441 1862 ut
473 1820 688 1863 Ciceronis
721 1822 772 1863 de
801 1836 846 1862 re
879 1822 993 1876 publ.
1024 1823 1090 1864 III.
1122 1822 1186 1864 28.
1218 1822 1272 1864 40
1308 1822 1446 1863 verbis
1478 1827 1587 1874 utar,

118 1898 282 1953 legatos
313 1899 528 1954 exciperet
558 1900 601 1940 in
631 1914 679 1941 eo
710 1899 841 1941 fuisse
880 1905 926 1940 ut
955 1900 1185 1955 hospitium
1215 1901 1265 1941 iis
1296 1900 1586 1941 renunciaret:

118 1980 289 2031 propter
327 1976 632 2030 offensionem,
671 1979 840 2032 opinor,
880 1992 1005 2033 quam
1036 1978 1187 2033 Pyrrhi
1225 1979 1327 2020 socii
1367 1982 1587 2020 contraxe-

118 2059 224 2095 rant.
286 2053 484 2096 Ceterum
520 2056 645 2110 paulo
683 2061 779 2111 post
810 2057 843 2110 ξ.
875 2056 928 2098 88
975 2056 1105 2097 verba
1140 2060 1388 2110 slaplzylinos
1437 2060 1588 2097 Graece

119 2134 265 2172 dicitur
307 2137 353 2173 ut
382 2133 425 2173 in
456 2133 649 2174 omnibus
679 2134 794 2174 libris
837 2134 959 2174 editis
990 2135 1277 2189 reperiuntur,
1324 2135 1383 2175 ita
1412 2135 1453 2175 in
1485 2148 1587 2189 qua-

117 2213 213 2250 tuor
241 2210 321 2251 illis
353 2211 568 2252 codicibus
601 2225 704 2266 quos
737 2211 790 2252 ad
820 2211 932 2252 hunc
962 2212 1114 2253 librum
1142 2213 1437 2268 corrigendum
1470 2212 1587 2253 adhi-

119 2287 209 2328 beri
238 2288 350 2340 licet,
382 2288 544 2329 desunt.
604 2289 738 2330 Iidem
769 2302 805 2330 v.
838 2292 989 2331 Graece
1013 2291 1078 2331 vel
1102 2294 1296 2333 Graeciae
1327 2293 1463 2333 alieno
1496 2292 1587 2332 loco

120 2370 217 2406 ante
236 2380 274 2406 v.
296 2368 443 2406 seritur
459 2374 775 2421 conservarunt,
808 2381 889 2423 quo
911 2368 1066 2423 insigni
1089 2369 1341 2411 documento
1362 2370 1589 2411 edocemur

120 2455 267 2484 omnes
298 2443 353 2484 ad
384 2458 517 2484 unum
548 2445 765 2500 exemplar
794 2445 920 2501 idque
952 2460 976 2487 a
1006 2447 1168 2489 lacunis
1199 2463 1284 2490 non
1313 2449 1498 2489 immune
1528 2460 1589 2488 re-

118 2519 229 2562 ferri.
289 2520 413 2562 Unde
443 2522 616 2577 vulgata
646 2523 770 2564 lectio
803 2523 994 2565 derivata
1024 2525 1097 2578 sit,
1127 2527 1285 2569 nescio.

720 2641 780 2686 95
796 2660 855 2679 =
870 2640 995 2695 5‚30.

185 2732 375 2784 Genera
430 2734 603 2785 Graeci
654 2735 780 2785 haec
832 2736 1019 2786 fecere:
1077 2737 1308 2788 bulbinen
1358 2768 1417 2774 —
1455 2741 1587 2804 aegi-

187 2820 365 2887 lipa—

1616 2676 1699 2719 400
