1914 3237
279 137 335 176 70
910 131 1042 177 Liber
1073 132 1126 176 V.

349 273 473 321 quae
508 255 630 303 duas
668 255 846 319 Syrtes
884 255 1142 306 interiacet
1187 256 1292 323 pari
1329 255 1572 323 utrimque
1603 259 1751 308 inter-

351 346 472 393 vallo
505 344 593 392 sed
621 345 766 394 litore
792 345 920 396 inter
951 348 1072 396 duas
1107 348 1284 413 Syrtes
1321 349 1453 398 CCL
1483 349 1538 397 M
1562 366 1608 413 p.
1676 349 1752 398 lbi
1875 314 1888 411 i

351 435 522 485 civitas
559 436 772 484 Oeensis
805 442 889 484 rel.

394 547 584 589 Primum
613 547 800 605 Auqilae
826 562 924 589 cum
951 550 1047 590 cod.
1079 549 1118 591 R
1151 551 1274 604 (nam
1293 550 1469 605 A§.25.
1497 550 1677 605 desinit)
1711 557 1756 591 et

280 626 511 668 Herodoto
545 626 617 666 lV.
652 625 746 670 183.
777 626 1014 680 legendum
1044 628 1138 671 erit.
1211 629 1401 671 Gravius
1429 628 1577 670 vitium
1606 629 1650 669 in
1681 641 1756 670 se-

282 705 518 760 quentibus
555 705 706 746 verbis
742 705 893 747 inesse
932 706 1138 749 arbitror.
1197 707 1323 750 Duas
1354 709 1467 749 enim
1494 707 1758 760 Aethiopias

282 783 452 825 Plinius
479 797 577 825 cum
605 783 797 825 Homero
828 783 969 826 fuisse
1005 787 1157 826 statuit
1186 788 1326 828 vastis
1355 787 1548 828 desertis
1577 787 1639 827 ita
1671 786 1756 826 dis-

285 871 459 913 cretas,
496 870 543 904 ut
570 862 886 904 Garamantum
921 870 964 904 et
995 864 1255 918 Augilarum
1289 865 1498 919 regiones
1530 864 1589 904 ad
1617 863 1759 904 orien-

283 949 372 982 tem
400 940 572 982 illorum
604 941 881 982 desertorum
914 942 1027 983 sitas
1045 943 1100 983 ab
1122 941 1350 997 Hesperiis
1363 939 1656 996 Aethiopibus
1684 953 1758 982 ac-

283 1027 439 1061 curate
470 1019 783 1074 distingueret,
814 1019 868 1061 cf.
893 1019 948 1060 V.
967 1019 1038 1061 43.
1098 1021 1188 1062 lam
1215 1034 1326 1063 vero
1358 1022 1452 1063 fieri
1489 1033 1577 1062 non
1618 1018 1759 1073 potuit

284 1105 332 1140 ut
366 1097 556 1154 Augilas
592 1097 688 1152 pari
725 1098 956 1141 intervallo
1001 1100 1058 1140 ab
1101 1100 1214 1142 urbe
1248 1099 1374 1154 Lepti
1422 1095 1602 1155 magna,
1644 1112 1762 1154 quae

287 1176 399 1216 duas
429 1176 588 1231 Syrtes
619 1176 864 1230 interiacet,
903 1185 946 1218 et
981 1179 1036 1219 ab
1068 1178 1330 1220 occidentali
1358 1178 1597 1233 Aethiopia
1634 1186 1761 1220 trans

286 1255 439 1310 Nigrin
478 1254 657 1297 fluvium
694 1256 780 1298 sita
819 1254 919 1310 (cll.
941 1258 977 1314 ξ
993 1255 1076 1312 30)
1111 1257 1250 1298 dirimi
1296 1253 1598 1299 contenderet.
1676 1256 1761 1299 Ubi

288 1333 402 1374 enim
433 1334 546 1375 sitae
574 1343 727 1377 essent
756 1335 961 1392 Augilae,
990 1335 1105 1378 fidos
1136 1343 1373 1389 auctores,
1397 1335 1530 1377 veluti
1560 1336 1761 1378 Herodo-

290 1418 398 1463 tum,
429 1420 614 1454 secutus
645 1414 729 1454 iam
757 1415 1013 1457 tradiderat.
1072 1416 1226 1470 Itaque
1259 1428 1346 1456 non
1378 1415 1436 1456 de
1467 1415 1763 1457 remotissima

291 1489 361 1530 illa
402 1490 641 1546 Aethiopia
685 1494 766 1534 sed
819 1495 876 1535 de
921 1494 1132 1535 orientali·
1172 1494 1347 1536 locutus
1393 1507 1498 1535 esse
1542 1494 1763 1548 putandus

290 1577 380 1619 est,
427 1571 553 1612 cuius
589 1570 720 1612 finem
756 1572 1104 1626 septentrionem
1138 1587 1299 1615 versus
1336 1572 1515 1627 Syenen
1553 1573 1762 1627 oppidum

291 1662 394 1690 esse
435 1649 567 1690 tradit
601 1648 641 1704 §.
659 1648 725 1690 59.
786 1649 1071 1692 Confidenter
1109 1651 1241 1707 igitur
1279 1663 1475 1692 errorem
1510 1650 1583 1692 vel
1624 1652 1766 1706 ipsius

289 1728 526 1782 scriptoris
554 1729 626 1770 vel
654 1729 902 1771 scribarum
935 1730 1204 1784 corrigerem
1242 1729 1284 1770 in
1317 1729 1544 1784 orientem,
1582 1731 1666 1772 nisi
1695 1730 1763 1773 fa-

292 1807 415 1848 cilior
443 1809 556 1849 ratio
591 1807 782 1850 daretur.
846 1806 918 1850 Ad
949 1809 1224 1850 occidentem
1256 1809 1369 1850 enim
1400 1808 1556 1849 horum
1585 1809 1766 1851 Aethio-

292 1899 397 1941 pum
437 1887 622 1927 extremi
664 1886 839 1928 fuerunt
878 1887 1174 1929 Garamantes
1218 1895 1261 1929 et
1307 1893 1432 1928 certe
1475 1886 1765 1943 Trogodytae

294 1964 562 2019 Aethiopes,
602 1965 760 2019 quibus
790 1979 887 2006 cum
926 1966 1268 2008 Garamantibus
1312 1966 1544 2007 continuas
1589 1966 1766 2008 inimici-

294 2044 379 2087 tias
419 2044 619 2085 exerceri
663 2044 858 2085 narravit
891 2042 1159 2088 Herodotus.
1228 2044 1428 2086 Dubitari
1458 2045 1570 2086 enim
1602 2053 1767 2099 potest,

293 2138 395 2164 num
426 2123 508 2178 ipsi
530 2123 825 2165 Garamantes
853 2122 1146 2178 Aethiopibus
1176 2131 1302 2165 recte
1331 2124 1637 2165 attribuantur.
1677 2126 1767 2167 Iam

296 2215 402 2242 vero
437 2202 630 2243 Garama
659 2201 844 2257 Augilas
870 2202 913 2243 X
940 2202 1104 2243 dierum
1133 2203 1287 2244 itinere
1321 2202 1485 2243 distare
1516 2202 1766 2246 Herodotus

295 2279 367 2322 lV.
394 2279 486 2330 182,
519 2280 618 2333 ΧΠ,
658 2294 839 2340 numero
878 2280 1071 2323 sortasse
1101 2289 1325 2336 corrupto,
1362 2281 1528 2322 Plinius
1575 2283 1767 2333 tradidit,

298 2367 429 2415 atque
460 2359 574 2400 idem
604 2360 701 2402 sere
732 2361 920 2414 spatium
952 2360 1065 2402 inter
1092 2361 1279 2422 Augilas
1319 2367 1362 2401 et
1398 2360 1624 2415 regionem
1656 2360 1769 2401 inter

299 2440 409 2480 duas
427 2439 584 2494 Syrtes
602 2439 787 2479 mediam
803 2440 931 2479 situm
946 2437 1084 2480 fuisse
1098 2439 1285 2482 videtur.
1309 2438 1407 2479 Una
1427 2439 1556 2493 igitur
1576 2438 1767 2480 litterula

300 2526 462 2559 mutata
493 2525 733 2559 extremam
752 2516 978 2558 orientalis
996 2518 1259 2572 Aethiopiae
1290 2525 1459 2571 partem
1491 2518 1767 2558 occidentem

300 2610 455 2639 versus
477 2597 499 2637 i.
517 2611 555 2640 e.
573 2596 793 2638 Garamae
810 2595 1010 2637 viciniam
1029 2596 1238 2638 indicabit
1250 2595 1428 2647 Plinius,
1449 2595 1486 2637 si
1501 2595 1767 2638 scribemus:

468 2712 518 2716 ψ
557 2686 610 2727 ab
639 2684 866 2742 Aethiopia
897 2700 1001 2746 qua
1033 2684 1091 2726 ad
1119 2684 1380 2726 occidentem
1406 2683 1557 2741 verqit.

413 2776 616 2818 Ultimam
645 2783 814 2829 partem
845 2774 1055 2816 enuntiati
1084 2774 1327 2816 rectissime
1358 2774 1412 2815 ab
1444 2772 1670 2814 Harduino
1701 2772 1767 2814 di-

1879 417 1889 474 ἒ
