1914 3237
163 433 244 476 7⁸0

169 1751 244 1794 781

175 2309 255 2352 782

273 148 354 195 228
859 151 976 191 Liber
996 150 1175 192 XXXV.

382 285 533 332 sinpuls
569 280 627 333 B,
672 284 835 332 simpuis
871 280 910 320 V
939 281 978 322 R
1014 281 1040 322 i.
1080 293 1115 322 e.
1153 283 1332 332 simpulis
1369 277 1482 335 quod
1520 279 1657 334 ipsum
1694 280 1736 320 in

274 358 395 400 codd.
427 359 603 400 Barbari
636 357 766 400 fuisse
797 357 997 412 traditur,
1027 359 1261 400 rectissime
1288 358 1401 399 haud
1433 357 1574 400 dubie.

811 440 900 487 159
935 453 989 473 =
1025 436 1220 486 ibidem.

342 554 385 560 —
436 525 516 574 vel
570 524 862 573 adsiduitate
898 525 1073 574 satiant
1120 523 1391 589 figlinarum
1429 539 1600 590 opera,
1652 525 1740 573 im-

341 613 581 671 bricibus,
636 611 779 663 doliis
832 613 893 661 ad
940 613 1052 661 vina
1106 613 1419 674 excogitatis,
1475 613 1536 661 ad
1588 627 1740 677 aquas

338 699 545 759 tubulis,
599 700 660 749 ad
700 700 916 750 balineas
954 701 1246 760 mammatis‘,
1292 701 1354 749 ad
1389 705 1519 750 tecta
1556 699 1742 751 coctili-

341 790 430 839 bus
486 787 731 838 laterculis
795 788 1252 853 fundamentisque,
1329 795 1412 838 aut
1462 804 1586 853 quae
1638 795 1743 840 rota

340 878 457 926 liunt
492 877 578 926 rel.

383 965 773 1020 Ingeniosissimam
803 965 1173 1020 transpositionem
1205 979 1288 1020 qua
1306 967 1433 1006 Ianus
1464 977 1574 1004 nunc
1605 964 1742 1004 locum

273 1044 565 1099 perturbatum
596 1043 823 1084 emendare
854 1043 998 1096 voluit,
1036 1043 1260 1098 probarem
1291 1044 1475 1096 omnino,
1506 1042 1584 1083 nisi
1615 1042 1744 1083 verba

273 1126 362 1174 ,aut
421 1135 528 1176 quae
581 1135 709 1162 11131111
766 1123 978 1176 3913111111·ζ
1037 1134 1090 1162 ex
1137 1121 1287 1162 Isidori
1336 1122 1438 1176 orig.
1483 1120 1579 1161 XX.
1610 1122 1636 1162 4
1683 1121 1742 1161 in-

275 1199 458 1240 serenda
517 1213 611 1240 esse
668 1213 690 1240 e
749 1199 897 1240 Bamb.
959 1200 1138 1241 lectione
1195 1204 1537 1254 consequeretur.
1597 1198 1742 1239 Bamb.

276 1280 386 1318 enim
418 1291 544 1330 quum
577 1280 778 1332 scriptum
810 1277 1010 1319 exhibeat
1039 1282 1100 1318 vel
1125 1291 1229 1328 quae
1252 1280 1506 1318 adsiduitatis
1529 1277 1638 1331 (non
1671 1278 1744 1316 ad-

275 1360 464 1396 sicluieale
511 1360 556 1396 ut
598 1360 662 1396 est
711 1355 823 1410 apud
855 1356 989 1408 Sili),
1045 1358 1103 1397 sic
1150 1358 1289 1410 potius
1332 1354 1618 1396 continuanda
1656 1359 1746 1395 erat

277 1434 404 1476 Plinii
427 1435 580 1474 oratio:
612 1438 672 1474 vel
689 1447 791 1485 quae
812 1448 935 1474 manu
967 1441 1163 1485 aptanlur
1193 1442 1261 1474 cmc
1283 1447 1386 1484 quae
1412 1437 1504 1474 rol'a
1529 1437 1640 1483 fiunt,
1672 1435 1745 1473 ad—

277 1516 465 1553 siduitate
494 1516 642 1552 satiant
667 1517 894 1563 lz'ylz'narum
921 1525 1046 1563 opera
1079 1512 1149 1554 rel.
1211 1511 1473 1552 Vocabulum
1520 1514 1747 1552 imbricibus

279 1591 360 1631 nisi
390 1591 561 1632 omnino
594 1590 922 1645 expungendum
954 1595 1039 1643 est,
1073 1595 1184 1631 recte
1215 1603 1240 1631 a
1270 1604 1335 1631 vv.
1367 1590 1434 1632 dd.
1458 1603 1553 1631 cum
1574 1589 1747 1630 vocibus

281 1672 337 1710 ad
367 1677 470 1710 ἰθεῖα
499 1669 780 1724 coniungitur.

825 1728 915 1775 160
952 1739 994 1757 Ξ
1030 1724 1226 1774 ibidem.

346 1814 392 1862 in
431 1812 566 1862 ltalia
597 1842 647 1846 —
691 1813 832 1862 Asta.

389 1901 485 1943 Non
515 1902 623 1942 Asta
653 1900 728 1941 sed
758 1904 887 1941 Hasta
926 1900 1126 1956 oppidum
1160 1899 1459 1955 appellandum
1491 1905 1602 1953 erat,
1650 1913 1747 1940 nam

283 1982 410 2022 etiam
442 1981 483 2021 in
514 1979 724 2034 Hispania
755 1978 920 2032 ,Hasta‘
972 1978 1211 2020 nominatur
1235 1978 1361 2033 ‘apud
1392 1977 1655 2018 Henzenium
1690 1980 1750 2018 in-

285 2074 360 2100 ser.
394 2060 481 2100 Lat.
515 2059 566 2098 11.
597 2072 635 2113 p.
653 2058 704 2100 20
738 2063 779 2098 et
808 2057 1001 2098 Italicum
1031 2055 1134 2097 illud
1165 2062 1206 2097 et
1235 2056 1275 2096 h.
1306 2057 1331 2096 l.
1363 2057 1405 2096 in
1435 2056 1471 2096 B
1491 2055 1516 2096 d
1545 2061 1586 2096 et
1603 2054 1679 2096 III.
1698 2056 1751 2098 49

284 2140 324 2177 in
354 2139 393 2177 A
424 2136 610 2177 omnium
631 2138 788 2191 optimo
820 2149 869 2176 ac
889 2135 929 2176 R
958 2135 1018 2176 ita
1037 2135 1244 2187 scribitur,
1275 2134 1357 2175 levi
1382 2147 1522 2175 errore
1542 2136 1583 2175 in
1604 2133 1750 2174 tabula

285 2216 613 2270 Peutingcriana
645 2218 786 2268 Hasta,
818 2215 987 2255 nomine
1018 2213 1177 2254 scilicet
1207 2214 1258 2254 ab
1286 2212 1409 2253 hasta
1439 2212 1577 2254 ducto.

832 2297 919 2343 161
959 2315 1000 2332 =
1038 2293 1233 2343 ibidem.

351 2382 464 2432 Cois
500 2382 605 2431 laus
642 2382 866 2442 maxima,
904 2381 1161 2430 Hadrianis
1198 2380 1410 2429 firmitas.

396 2471 490 2512 Non
511 2471 618 2512 benc
650 2471 769 2523 ,laus‘
796 2476 838 2511 et
868 2469 1071 2522 ,firmitas‘
1102 2469 1209 2509 inter
1230 2482 1275 2509 se
1296 2471 1606 2522 comparantur,
1639 2471 1753 2507 certa

289 2550 497 2604 quaedam
528 2549 618 2589 laus
639 2548 737 2590 Cois
768 2549 880 2589 vasis
911 2548 1037 2589 tribui
1054 2547 1243 2603 putanda
1261 2551 1325 2587 est
1355 2562 1377 2587 e
1404 2547 1591 2601 proximo
1612 2556 1752 2595 sensu,

287 2629 360 2669 ubi
402 2627 644 2682 ,amphorae
687 2627 795 2667 duae
833 2633 1004 2682 propter
1043 2627 1307 2667 tenuitatem‘
1355 2624 1545 2679 Erythris
1586 2621 1752 2663 ostendi

289 2708 503 2759 dicuntur,
543 2706 786 2761 repetenda.
847 2708 992 2761 Itaque
1038 2705 1226 2760 repetitis
1267 2705 1416 2745 litteris
1447 2707 1486 2743 la
1525 2700 1751 2755 legendum

292 2791 377 2826 est:
420 2790 511 2826 Cois
541 2789 631 2825 illa
663 2789 751 2825 laus
780 2799 843 2837 m„
875 2788 923 2825 H.
949 2787 981 2833 fi
1011 2809 1065 2814 —
1096 2786 1131 2837 ξ.
1163 2785 1234 2826 171
1273 2786 1368 2837 post
1405 2794 1539 2822 eorum
1576 2784 1644 2831 qui
1681 2779 1754 2820 ali—
