1914 3237
706 151 839 192 Liber
865 151 940 192 II.
1508 150 1562 192 19

196 276 340 325 Quum
361 274 510 316 ultima
526 273 664 314 verba
686 271 923 314 manifesto
957 273 1012 314 ad
1043 273 1086 314 id
1105 281 1278 328 tempus
1295 274 1559 328 pertineant,

84 369 170 412 quo
189 368 344 396 saxum
365 354 420 394 de
436 351 563 393 caelo
581 350 810 405 delapsum
830 358 898 392 est
914 350 995 404 (cf.
1008 351 1227 406 Plut.Lys.
1241 353 1304 394 15.
1320 361 1361 394 et
1376 354 1561 409 interpp.

85 435 140 476 ad
161 433 322 476 Clu-on.
342 431 444 473 Par.
466 443 534 484 ep.
554 429 651 483 51),
690 429 748 470 ita
777 435 824 470 ut
853 443 969 470 nunc
1000 429 1172 484 quidem
1203 430 1406 485 leguntur
1436 432 1561 474 salva

84 519 306 556 structura
336 521 439 551 esse
466 522 553 549 non
585 515 746 563 potest.
793 508 951 564 Neque
968 507 1206 550 verisimile
1230 516 1298 550 est
1315 510 1452 551 verba
1473 511 1563 567 Qui

84 591 223 648 lapis·
239 588 392 630 adusto
423 595 582 642 postea
603 600 628 628 a
650 587 790 628 Plinio
821 587 1005 642 margini
1038 588 1266 642 adscripta
1284 601 1404 641 esse,
1429 604 1560 644 quum

81 670 200 711 hanc
232 668 405 723 quidem
436 668 586 721 operis
618 673 789 721 partem
820 667 917 720 ipse
945 665 1099 720 procul
1127 667 1257 708 dubio
1287 667 1487 718 ediderit,
1518 675 1562 710 et

81 748 214 804 pauci
230 747 314 788 loci
336 746 396 787 ita
413 753 577 787 tantum
594 745 774 800 intelligi
794 758 847 786 ac
872 744 1049 787 defendi
1068 744 1255 797 possint,
1278 754 1326 786 ut
1343 753 1446 800 post
1464 747 1560 789 61115

83 827 247 869 obitum
265 838 290 865 a
310 825 508 879 margine
527 825 568 866 in
597 825 810 866 orationis
837 830 1093 866 contextum
1124 823 1294 877 recepti
1315 824 1559 867 videantur.

83 905 163 947 His
193 903 370 946 accedit
404 903 521 958 quod
550 901 744 958 reliquos
774 916 948 958 quoque
976 902 1151 956 lapides
1189 915 1272 942 sua
1302 910 1450 945 aetate
1483 917 1559 946 ex-

84 991 204 1025 stare
235 989 447 1024 accurate
477 982 687 1023 narravit.
745 982 896 1037 Itaque
927 987 1128 1035 praestat
1157 980 1213 1020 ad
1245 983 1561 1037 transpositio-

82 1075 181 1104 nem
213 1060 457 1114 confugere
487 1059 724 1115 locumque
757 1061 817 1101 ita
848 1059 1142 1101 constituere:

139 1165 189 1173 —
207 1139 414 1196 adAeqos
426 1135 609 1196 flumen,
640 1144 799 1179 comete
827 1152 994 1199 quoque
1022 1136 1107 1177 illis
1122 1136 1317 1180 noctibus
1328 1138 1559 1198 flaqrante.

140 1218 232 1276 Qui
258 1218 366 1274 lapis
395 1216 471 1259 rel.

83 1298 291 1341 Similiter
306 1296 450 1353 §.133
467 1297 644 1352 priores
674 1309 836 1338 sensus
861 1301 1157 1350 praepostero
1186 1296 1341 1338 ordine
1358 1295 1445 1352 legi
1467 1297 1561 1338 Pin-

83 1379 228 1420 tianus
256 1376 436 1418 monuit.

634 1454 721 1501 151
751 1453 902 1514 :59‚
924 1453 1005 1501 60.

150 1556 303 1606 Fiunt
333 1563 492 1605 autem
536 1556 744 1620 (arcus)
788 1554 950 1602 hieme
985 1555 1196 1603 maxime
1236 1556 1293 1602 ab
1331 1554 1559 1619 aequino-

149 1647 244 1696 ctio
275 1647 537 1695 autumnali
577 1646 656 1694 die
688 1645 1040 1705 decrescente;
1085 1663 1179 1710 quo
1218 1663 1390 1694 rursus
1428 1663 1559 1694 cres-

151 1745 292 1787 cente
314 1738 371 1784 ab
392 1735 700 1801 aequinoctio
721 1752 872 1784 verno
902 1752 1000 1783 non
1035 1736 1279 1784 exsistunt
1309 1753 1401 1785 nec
1427 1736 1558 1785 circa

149 1828 409 1876 solstitium
436 1826 727 1891 longissimis
765 1825 953 1887 diebus,
992 1827 1161 1874 bruma
1190 1844 1308 1876 vero
1343 1826 1432 1893 [id
1465 1835 1558 1875 est

146 1915 571 1983 brevissimis]
611 1917 912 1980 frequentes.

194 2018 270 2060 Sic
307 2031 330 2059 e
370 2018 466 2061 cod.
496 2018 538 2059 R
568 2016 786 2072 Silligius,
827 2017 870 2058 in
908 2017 964 2057 ad
1004 2023 1048 2058 et
1091 2017 1271 2072 vulgata
1303 2017 1559 2059 brevissimis

82 2096 229 2139 diebus
255 2096 430 2151 legitur.
495 2097 740 2151 Utrumque
770 2095 900 2138 falso.
971 2095 1084 2136 Nam
1117 2111 1247 2151 quum
1278 2097 1444 2139 Plinius
1475 2097 1559 2139 ele-

81 2184 237 2231 ganter
269 2184 312 2218 et
344 2177 580 2232 perspicue
615 2176 861 2218 orationem
891 2175 953 2216 ita
981 2175 1239 2230 variaverit,
1274 2183 1320 2218 ut
1350 2176 1556 2232 longissi-

81 2270 177 2298 mos
209 2256 304 2297 dies
337 2257 458 2297 circa
489 2254 722 2297 solstitium
761 2255 940 2295 brumae
972 2263 1236 2309 opponeret,
1266 2255 1557 2309 interpolator

81 2349 175 2377 rem
206 2335 382 2377 adiecta
413 2334 611 2390 glossula
641 2333 723 2388 „id
750 2339 813 2373 est
835 2331 1093 2375 brevissimis
1123 2334 1305 2375 ‹liebus“
1334 2334 1557 2376 illustran-

83 2413 182 2454 dam
214 2427 318 2455 esse
348 2414 586 2456 arbitratus
618 2421 697 2456 est.
755 2414 792 2467 §.
814 2411 906 2454 157.
937 2420 1012 2454 aut
1045 2427 1142 2456 cum
1159 2413 1428 2456 Ruhnkenio
1457 2410 1557 2469 effo-

84 2491 204 2532 ditur
233 2498 307 2532 aut
337 2493 508 2532 emitur
537 2492 819 2533 scribendum
852 2499 932 2535 est.

631 2593 728 2641 160
747 2616 796 2638 =
819 2594 900 2656 64,
924 2594 1003 2642 64.

148 2693 370 2759 Namque
400 2694 448 2742 in
478 2693 559 2742 illo
591 2694 790 2761 (caelo)
829 2712 944 2744 cava
974 2696 1024 2743 in
1057 2713 1111 2744 se
1147 2696 1430 2745 convexitas
1451 2714 1558 2746 ver·

149 2784 217 2848 git
253 2792 301 2833 et
336 2785 521 2834 cardini
558 2802 648 2834 suo
692 2784 834 2852 [hoc
878 2794 971 2834 est
1014 2785 1248 2853 terrae]
1298 2786 1556 2847 incumbit3

1219 2887 1278 2914 θὲς,

1584 2602 1607 2642 Ν.)

1615 2603 1636 2641 *Ω
