1914 3237
753 195 871 235 Liber
897 194 1021 234 XXI.
1540 183 1620 227 105

732 326 795 372 30
831 338 884 358 =
924 326 1048 379 6‚16·
1652 291 1733 334 45⁰

224 413 526 465 Simillimum
565 412 609 461 ei
646 411 945 460 combretum
983 408 1277 473 appellatur,

157 502 268 558 quod
299 505 472 541 brentam
512 497 812 554 appellandum
845 501 955 548 erat,
993 499 1203 552 βρενθίου
1236 496 1346 535 enim
1371 494 1623 543 ‚Athenaeus
1654 553 1658 555 λ

156 579 248 620 XV.
279 578 360 622 690
387 576 645 618 mentionem
675 575 786 617 feeit.
845 574 1015 616 Scribe:
1060 577 1185 615 eidem
1215 577 1404 613 brentam.

221 656 345 705 haec
382 660 493 704 sunt
528 659 736 713 tantun13

268 745 383 786 Inter
402 742 610 784 voeabula
638 750 727 782 sunt
757 746 798 782 et
829 749 978 781 lantum
1006 741 1173 782 litterae
1204 739 1432 781 nonnullae
1457 741 1628 793 propter

1657 623 1735 665 451

159 822 476 864 similitudinem
508 819 774 873 exciderunt,
823 820 974 875 quibus
1004 818 1211 881 restitutis
1244 816 1512 859 scribendum
1544 820 1626 856 est:

213 904 315 942 haec
342 909 431 941 sunt
461 906 660 950 unquenla
688 906 848 939 tantum.
1302 952 1305 953 ⁷

577 980 639 1026 36
659 1000 717 1019 =
737 979 862 1035 ms.
906 977 993 1037 (de
1031 976 1205 1035 rosis).
1661 950 1741 996 452

227 1064 512 1114 Acerrimus
549 1070 709 1113 tamen
748 1065 873 1114 odor
909 1063 1122 1114 omnium
1159 1069 1344 1113 aestate
1380 1059 1556 1110 media.

270 1154 371 1194 Post
401 1152 589 1194 novellas
619 1157 892 1207 vetustasque
922 1166 1042 1193 rosas
1064 1166 1149 1193 non
1174 1155 1396 1202 aestatem,
1427 1147 1502 1190 sed
1519 1151 1633 1188 aeta-

160 1239 245 1272 tem
285 1230 468 1271 mediam
518 1231 864 1271 commemoravit
892 1230 1075 1284 Plinius3
1121 1229 1233 1285 quod
1265 1228 1374 1280 Sill,
1421 1228 1455 1268 si
1499 1226 1634 1267 Theo-

162 1308 323 1364 phrasti
369 1321 494 1363 quem
538 1307 684 1349 laudat
727 1308 866 1349 locum
910 1320 1024 1350 caus.
1065 1308 1120 1363 pl.
1166 1306 1240 1347 VI.
1275 1306 1327 1349 17
1370 1305 1635 1361 perlegisset,

162 1387 276 1428 haud
309 1386 434 1427 dubie
472 1385 763 1427 intellexisset.
823 1383 871 1428 ἐν
913 1391 1007 1436 ταῖς
1045 1384 1203 1440 α’κμαῒς
1240 1383 1516 1439 εὐοσμότατα
1563 1396 1635 1437 ap-

163 1465 438 1520 pellantur&
468 1465 505 1507 3.

584 1574 592 1580 ρ
756 1522 1028 1578 37:7‚18
1667 1516 1748 1563 453

229 1635 292 1642 —
345 1635 408 1641 -
464 1612 513 1655 ut
570 1608 778 1657 buceros
839 1609 971 1672 quod
1026 1613 1100 1657 est
1154 1607 1322 1656 fenum
1382 1604 1635 1654 Graecum.

230 1695 421 1744 Acutus
477 1695 601 1744 odor
656 1711 751 1745 non
806 1697 1019 1745 omnium
1074 1696 1179 1745 sine
1233 1709 1354 1744 suco
1410 1698 1514 1750 est,
1587 1695 1639 1739 ut

232 1781 418 1841 violae,
455 1797 621 1841 rosae,
661 1798 832 1844 croco;
871 1799 996 1848 quae
1034 1799 1152 1834 vero
1192 1799 1252 1832 ex
1279 1782 1435 1831 acutis
1473 1783 1640 1829 carent

232 1885 355 1920 suco
392 1869 479 1920 reL

279 1957 633 2000 Emendationem
664 1959 788 2000 huius
821 1960 1057 2002 sententiae
1089 1962 1216 2002 Ianus
1247 1958 1476 2009 inchoavit,
1528 1954 1640 1997 eodi-

169 2038 286 2079 eibus
317 2042 359 2077 et
390 2035 673 2091 Theophrasti
702 2037 794 2079 loeo
828 2051 942 2079 caus.
974 2039 1027 2093 pl.
1057 2038 1130 2079 VI,
1163 2039 1215 2080 14
1245 2037 1487 2092 diligentius
1523 2047 1641 2075 usus.

168 2116 301 2157 Recte
331 2114 443 2156 enim
487 2128 571 2156 non
603 2114 655 2156 de
686 2116 820 2157 acutis
860 2116 935 2157 sed
967 2116 1019 2157 de
1061 2117 1226 2172 aquatis
1257 2115 1430 2157 floribus
1458 2113 1640 2154 Plinium

168 2194 282 2248 loqui
314 2191 625 2234 animadvertit.
685 2193 845 2234 Tamen
887 2199 1064 2249 uterque
1107 2194 1242 2235 editor
1281 2192 1489 2249 quaedam
1520 2204 1640 2247 prae-

168 2271 370 2322 termisit,
422 2270 525 2311 satis
565 2270 739 2312 inventu
786 2272 859 2313 illa
890 2272 1059 2327 quidem
1097 2272 1248 2313 facilia.
1306 2271 1499 2325 Namque
1531 2268 1642 2324 quod

169 2348 328 2390 XXIV.
360 2347 441 2390 184
480 2350 650 2388 bucerus
688 2350 951 2403 nominatur,
1005 2364 1029 2391 a
1059 2350 1353 2403 Theophrasto
1386 2350 1421 2403 ξ.
1462 2348 1508 2390 10
1542 2345 1643 2400 βού-

172 2443 323 2482 κερας,
353 2425 420 2465 hic
451 2438 616 2480 quoque
645 2427 892 2468 restituatur
918 2434 1097 2483 oportet.
1130 2428 1295 2469 Deinde
1327 2426 1534 2469 vocabula
1563 2438 1643 2466 non

172 2508 341 2545 omnium
370 2507 454 2544 sine
493 2516 589 2544 suco
622 2505 824 2558 proximis
865 2520 967 2556 quae
996 2515 1137 2548 carent
1164 2520 1260 2548 suco
1301 2505 1511 2548 contraria
1548 2516 1644 2544 esse

173 2587 368 2638 apparet:
405 2581 548 2636 itaque
573 2584 902 2637 transpositione
932 2586 1183 2642 corrigenda
1215 2590 1322 2626 sunt.
1357 2583 1543 2626 Casuum
1574 2595 1644 2623 va-

171 2662 321 2702 rietate
352 2659 614 2712 delectatus,
645 2666 692 2701 ut
722 2662 843 2715 solet,
873 2663 1035 2704 Plinius
1068 2664 1254 2719 scripsit:

227 2756 265 2781 u.
297 2744 467 2781 bucerus
497 2751 532 2788 q.
563 2751 595 2777 e.
631 2741 664 2787 f.
694 2753 731 2789 y.
767 2745 932 2792 Aquatis
970 2746 1072 2783 odor
1103 2746 1270 2783 onmium
1309 2755 1385 2782 non
1428 2744 1512 2782 sine
1549 2752 1644 2779 suco

229 2826 300 2871 est,
332 2833 367 2858 υ.
401 2831 433 2857 v·
465 2829 498 2855 r·
531 2836 565 2864 c.
597 2836 632 2874 q.
663 2837 698 2863 v.
729 2833 760 2861 e.
793 2824 954 2872 aquatis
982 2834 1016 2862 c.
1046 2835 1078 2862 S.
