1914 3237
705 167 837 209 Liber
869 168 925 212 X.
956 167 1044 209 XI.
1226 149 1238 158 ’
1526 162 1605 204 161

243 290 442 332 Alterum
460 291 606 331 vitium
628 291 854 331 Pintianus
884 289 1066 340 detexit,
1095 288 1304 330 indicavit
1334 289 1377 329 in
1408 285 1608 341 margine

132 368 356 410 Gelenius.
423 369 565 416 Quum
604 370 716 409 enim
756 368 810 408 de
848 368 1208 423 quadrupedibus
1248 365 1508 408 animalibus
1547 365 1610 406 di-

131 456 281 503 sputet
299 447 478 500 Plinius,
507 446 728 488 mulierem
747 447 924 501 generis
951 445 1127 486 humani
1159 444 1276 486 nullo
1307 444 1439 486 modo
1468 444 1611 499 potuit

131 538 490 568 commemorare.
551 516 717 566 Asinas
748 533 894 566 autem
926 525 1011 565 iam
1053 531 1184 564 antea
1215 522 1330 562 VIII.
1360 521 1452 563 173.
1509 521 1608 563 Ari-

130 602 332 646 stotelem
362 601 438 646 vl.
464 602 531 644 ⁵23.
563 611 744 644 secutus
775 603 962 656 septimo
1005 601 1074 643 die
1116 614 1143 642 a
1171 607 1299 655 partu
1339 600 1504 654 optime
1536 600 1609 641 im-

132 680 238 735 pleri
271 681 532 730 tradiderat3
563 681 710 736 itaque
740 680 844 721 nihil
877 680 1042 720 certius
1075 692 1206 734 quam
1236 677 1307 718 hic
1330 690 1506 733 quoque
1538 690 1609 718 ea-

127 773 223 800 rum
253 759 517 800 mentionem
555 758 662 800 fieri.
731 759 887 813 Neque
923 766 1069 799 tamen
1109 771 1206 797 cum
1240 757 1441 797 Pintiano
1483 756 1611 796 asina

129 838 386 892 scripserim
416 838 496 878 sed
527 837 686 877 asinas.
760 836 906 877 Prima
942 844 990 877 ut
1020 835 1192 876 videtur
1235 834 1411 889 syllaba
1441 847 1520 889 per
1549 833 1610 875 in-

130 917 295 957 curiam
325 916 490 956 omissa
520 915 561 955 in
593 914 840 969 archetypo
873 913 1086 968 scriptum
1117 912 1284 955 fuerat:

717 1006 876 1032 mvn-As
908 1006 1020 1041 mas,

131 1073 288 1127 quibus
326 1069 511 1125 syllabis
551 1083 665 1124 quae
701 1083 838 1111 sensu
875 1083 1032 1111 carere
1063 1070 1319 1111 viderentur
1355 1069 1513 1111 deletis
1542 1083 1610 1112 re·

132 1150 302 1192 centior
332 1150 478 1190 scriba
510 1148 712 1190 lacunam
756 1163 885 1205 quam
927 1151 969 1191 in
1000 1158 1124 1191 textu
1162 1151 1401 1193 verborum
1433 1151 1610 1205 conspi-

132 1231 292 1279 ciebat,
327 1229 510 1271 vocibus
541 1235 583 1269 et
611 1229 768 1269 mulier
794 1229 1031 1272 infeliciter
1062 1229 1273 1284 explevit.

245 1332 395 1379 Quare
426 1329 588 1371 Plinius
618 1330 714 1384 ipse
742 1330 807 1370 sic
837 1329 1012 1371 videtur
1043 1330 1304 1385 scripsisse:

191 1410 342 1468 Equus
378 1413 523 1447 antem
550 1414 644 1463 post
681 1422 848 1448 amount
885 1406 939 1447 ab
973 1408 1109 1449 enixu
1146 1423 1187 1450 u.
1220 1424 1260 1450 a.
1288 1425 1330 1464 p.
1358 1423 1393 1450 c.
1435 1409 1611 1459 invitas,

190 1487 303 1528 asin
313 1500 366 1526 as
394 1487 570 1542 septimo
593 1486 668 1526 rel.

710 1652 907 1708 LIBER
940 1653 1026 1709 xl.

755 1793 785 1839 5
810 1815 854 1833 =
878 1791 923 1853 3,
946 1792 992 1839 2.
1642 1810 1722 1853 198

206 1893 402 1941 Insecta
431 1891 567 1940 multi
604 1902 843 1956 negarunt
873 1891 1081 1957 spirare,
1109 1892 1256 1957 idque
1283 1893 1472 1942 ratione
1503 1910 1615 1959 per-

205 1984 485 2044 suadenteS,
513 1984 737 2048 quoniam
765 1984 956 2033 viscera
987 1984 1220 2033 interiora
1253 2001 1429 2034 nexus
1463 1984 1615 2050 spira-

204 2078 312 2126 bilis
349 2093 443 2126 non
480 2075 703 2123 inesset.

249 2178 378 2226 Quod
419 2176 552 2230 vulgo
594 2182 695 2216 ante
735 2174 1004 2216 Harduinum
1043 2174 1275 2229 legebatur
1319 2175 1476 2215 visceri
1510 2177 1617 2217 inte-

139 2257 246 2296 riori
275 2270 301 2297 a
320 2255 441 2297 libris
460 2254 571 2295 Mss.
592 2252 823 2301 abhorret3
854 2253 1064 2294 Harduini
1097 2254 1355 2295 coniectura
1382 2254 1429 2293 in
1449 2254 1618 2294 viscera

141 2342 299 2375 contra
330 2334 658 2388 grammaticam
693 2341 879 2387 peccat3
918 2333 1066 2373 inisset
1099 2346 1230 2384 vero,
1273 2334 1392 2389 quod
1423 2333 1618 2390 Silligius

139 2412 295 2466 reponi
327 2410 430 2460 vult,
462 2409 619 2451 falsum
653 2424 756 2452 esse
788 2412 885 2465 quis
917 2425 1004 2452 non
1035 2411 1261 2467 intelligit?
1295 2412 1485 2461 Quando
1503 2413 1619 2454 enim

141 2504 283 2532 nexus
318 2490 494 2530 viscera
526 2489 660 2530 inisse
694 2489 902 2543 potuerit,
935 2490 1148 2543 temporis
1180 2498 1442 2531 momentum
1467 2504 1523 2532 ne
1543 2504 1620 2534 co-

141 2569 267 2624 gitari
300 2567 473 2622 quidem
507 2573 664 2619 potest.
723 2566 794 2607 -At
824 2580 930 2607 vero
960 2566 1088 2621 plura
1122 2568 1303 2610 insectis
1335 2579 1514 2622 praeter
1542 2582 1621 2612 ne-

141 2661 244 2688 xum
262 2645 519 2701 spirabilem
550 2644 712 2685 deesse
744 2643 854 2684 infra
873 2644 909 2699 ξ.
926 2643 964 2684 9.
981 2658 1036 2684 ex
1050 2644 1292 2687 Aristotele
1311 2646 1384 2688 IV.
1399 2646 1436 2690 7.
1454 2647 1621 2691 diserte

141 2728 349 2769 traditur:
374 2724 507 2780 „nihil
526 2725 690 2774 i11t11s²‘'‚
717 2723 792 2774 ait,
811 2723 926 2773 „nisi
943 2723 1178 2765 admodum
1200 2726 1356 2779 paucis
1370 2725 1622 2769 intestinum

142 2804 453 2859 implicatum2‘.
482 2803 669 2847 Scilicet
700 2803 847 2845 omnia
877 2802 1188 2847 desiderantur
1216 2816 1334 2860 quae
1364 2805 1420 2847 ad
1451 2806 1622 2862 spiran-

1292 2883 1343 2925 ll
