1914 3237
736 178 849 216 Liber
879 179 1023 218 XXII.
1544 176 1621 218 117

150 306 214 347 bis
245 306 466 362 φυλλάρια
502 307 655 362 μικροίἾ
703 306 818 360 ἄνθη
858 309 1028 356 floribus
1073 308 1230 347 codicis
1261 307 1309 358 d,
1359 321 1495 362 neque
1542 307 1621 348 hoc

149 398 226 424 nos
256 384 485 424 morabitur
515 384 626 438 quod
656 384 757 424 folia
789 384 901 424 floris
933 398 1027 424 cum
1059 398 1271 425 ramorum
1301 385 1412 426 foliis
1444 385 1620 426 aPlinio

149 466 453 516 permutantur.
515 461 583 501 Sic
615 461 740 515 igitur
771 461 953 502 Plinium
986 461 1207 516 scripsisse
1238 463 1436 504 arbitror:

205 543 248 580 G.
280 552 313 579 e.
344 542 422 578 tria
450 541 500 587 fr
513 534 645 579 o'nde
674 545 822 579 [centum
854 542 893 580 d.
916 555 960 591 p.
993 555 1029 580 η.
1060 552 1113 591 e.,
1157 544 1296 590 parvis
1323 544 1475 589 foliis
1507 548 1622 580 rutae

200 618 402 667 simile'buS,
429 618 653 664 floribus
677 620 863 658 candidis
893 621 971 658 etc.

203 693 391 734 Similem
428 693 624 735 lacunam
654 695 697 735 in
742 695 944 750 proximis
975 695 1113 736 verbis
1163 695 1480 750 deprehendere
1518 695 1621 736 mihi

147 771 306 814 videor.
1300 806 1306 814 ..

731 832 792 877 54
813 853 871 871 =
891 832 945 879 21
959 833 1049 887 ,26.
1649 826 1730 872 479

215 913 463 979 pellunt..
504 922 750 965 menstrua
787 917 832 964 in
874 921 988 980 potu
1012 920 1059 965 et
1078 916 1261 965 urinam
1283 915 1618 980 calculosque.

211 1003 503 1060 Inflationes,
543 1004 810 1053 iocinerum
854 1005 978 1061 vitia,
1018 1003 1162 1053 bilem
1202 1006 1448 1063 suffusam,
1485 1005 1620 1068 aegi—

212 1092 342 1157 lopia
380 1093 811 1151 commanducata,
850 1092 1066 1141 ulcerum
1101 1093 1383 1157 eruptiones
1421 1108 1620 1142 manan-

212 1185 286 1230 tes
325 1185 476 1229 sanat.
1400 1176 1403 1178 ’

256 1268 560 1323 θεραπεύουσι
591 1268 641 1309 δὲ
670 1271 744 1309 καὶ
773 1267 1009 1319 armachana
1039 1268 1476 1322 καταπλασσόμεναι,
1521 1269 1619 1310 δια-

147 1347 432 1400 μασσώμεναι
464 1346 513 1387 δὲ
545 1350 618 1387 καὶ
648 1346 802 1400 ἇφθας
834 1345 998 1397 ἰῶνται,
1058 1346 1326 1387 Dioscorides
1356 1347 1381 1386 l.
1412 1347 1438 1386 l.
1471 1346 1618 1401 Sequi-

147 1431 214 1465 tur
242 1424 628 1478 interpungendum
660 1436 754 1464 esse
785 1428 880 1477 post
912 1439 944 1464 v.
982 1428 1194 1475 aeye'lope'a,
1228 1439 1309 1479 quo
1340 1424 1451 1465 facto
1483 1425 1619 1479 prima

147 1501 276 1542 verba
306 1515 399 1542 cum
434 1501 642 1557 prioribus
673 1502 973 1556 coniungenda
1009 1508 1153 1554 erunt,
1193 1503 1343 1557 quibus
1375 1508 1498 1557 potus
1529 1502 1617 1542 effi-

147 1580 264 1621 cacia
294 1579 566 1632 describitur,
605 1579 698 1620 voci
739 1585 876 1619 autem
911 1585 1108 1632 aeqilopia
1150 1596 1186 1621 v.
1226 1586 1324 1621 illita
1363 1595 1444 1636 quo
1483 1598 1619 1622 κατα-

146 1657 454 1711 πλασσόμεναι
487 1658 746 1711 exprimatur
777 1658 1018 1699 addendum
1049 1673 1170 1700 esse:

199 1740 351 1785 pellunt
380 1767 390 1776 .
422 1768 430 1776 .
463 1751 508 1775 m.
535 1740 559 1775 ι’.
583 1750 626 1785 p.
661 1749 691 1775 e.
726 1751 760 1775 u.
784 1741 1057 1788 calculosque;
1089 1741 1313 1787 inflationes
1343 1741 1367 1776 i.
1401 1751 1434 1776 v.
1469 1740 1504 1776 b.
1534 1740 1617 1785 suf-

200 1816 346 1861 fusamq
373 1818 573 1864 aeyilope'a
595 1817 673 1854 illi
685 1822 748 1866 la,
774 1818 1106 1856 commanducata
1126 1821 1297 1855 ulcerum
1319 1829 1352 1855 e.
1372 1830 1420 1854 m.
1438 1829 1511 1855 san
1525 1822 1618 1856 ant,

258 1891 293 1945 §-
326 1891 378 1934 59
407 1905 482 1946 pro
523 1895 632 1941 quod
667 1896 839 1931 siriasim
879 1902 1024 1933 vocam
1061 1894 1178 1948 lege:
1223 1908 1340 1944 qnam
1369 1909 1400 1933 s.
1432 1907 1466 1933 v.
1498 1893 1535 1947 §
1566 1892 1619 1935 67

147 1983 242 2009 cum
275 1969 498 2010 Harduino
530 1969 625 2023 lego
656 1973 835 2011 heroion.

445 2052 504 2096 65»
545 2063 590 2082 ἒ
629 2051 787 2106 2232.
862 2049 951 2108 (de
989 2049 1314 2114 asphodelo).
1646 2037 1728 2081 480

210 2133 328 2182 Fere
364 2135 409 2182 in
449 2150 760 2200 quocumque
792 2137 959 2186 morbo
984 2137 1139 2201 magis
1163 2136 1383 2186 decoctis
1409 2141 1617 2184 utuntur.

256 2224 391 2277 Magis
424 2229 553 2277 quam'
579 2238 663 2279 qua
692 2225 765 2265 re?
823 2238 962 2264 nonne
993 2225 1122 2265 etiam
1153 2225 1245 2265 aliis
1276 2224 1411 2265 modis
1443 2224 1615 2278 egregio

147 2299 299 2340 effectu
330 2300 608 2354 asphodelum
639 2302 829 2342 adhiberi
860 2302 950 2356 ipse
980 2302 1140 2342 Plinius
1179 2302 1334 2343 refert?
1366 2301 1615 2356 Legendum

147 2382 211 2417 est
227 2391 262 2415 m
274 2381 377 2429 agli,
410 2391 584 2432 quorum
612 2379 653 2418 in
681 2377 746 2419 his
764 2379 880 2419 libris
900 2379 1050 2434 quibus
1079 2379 1129 2421 de
1150 2379 1360 2420 medicina
1390 2379 1615 2420 herbarum

148 2455 305 2509 agitur,
335 2454 534 2509 frequens
567 2461 632 2496 est
661 2457 831 2497 mentio.

424 2532 609 2573 Ibidem:

213 2608 372 2659 Sucus
411 2625 607 2674 quoque
644 2649 653 2658 .
692 2650 703 2659 .
741 2650 752 2659 .
795 2611 920 2660 utilis
959 2613 1006 2660 lit
1049 2613 1269 2677 corporis
1309 2611 1467 2662 dolori
1504 2628 1613 2661 cum

214 2698 371 2756 melle,
408 2698 539 2747 idem
577 2699 779 2749 odorem
825 2702 1045 2767 corporis
1080 2702 1347 2750 iucundum
1383 2702 1614 2751 allectan-

210 2787 339 2836 tibus
376 2792 467 2837 etc.

1642 2594 1722 2636 481
