1914 3237
675 183 791 223 Liber
813 185 980 223 XVIII.
1503 181 1548 224 61

93 312 239 354 maluit
259 315 425 362 sinyulis
463 315 674 363 mensibus,
725 314 890 352 denario
931 315 989 352 e‘re
1026 317 1165 353 autem
1206 314 1324 367 quasi
1363 313 1557 368 suppleta

94 404 130 430 v.
170 389 330 445 ‚digito‘
367 389 479 431 idem
525 388 636 444 quod
680 393 902 439 compularc'
940 402 1034 429 esse
1075 394 1195 443 putat
1242 390 1355 445 quod
1394 391 1557 431 idoneis

93 467 296 522 exemplis
325 466 492 521 probari
524 466 687 506 vellem.
746 467 918 507 Interim
960 466 1065 507 haec
1107 467 1235 508 verba
1271 469 1331 509 ita
1370 469 1557 509 dividere

93 549 280 599 praestat
328 548 373 584 ut
417 544 588 584 ultimae
628 544 775 597 prioris
818 544 984 584 litterae
1026 544 1079 584 ad
1117 546 1293 585 alterum
1325 545 1560 586 referantur

94 621 346 676 expletaque
376 620 529 661 lacuna
560 621 787 663 scribatur:

147 702 285 740 diebus
315 703 487 740 lerdenis
516 703 659 740 redire.

93 778 251 819 Contra
281 778 429 833 §.195
474 777 665 818 codicum
696 779 902 833 scriptura
933 787 969 818 et
998 783 1037 819 in
1078 793 1155 819 uno
1196 784 1362 820 omnium
1400 783 1560 829 definita

89 861 294 907 yenerate'o
342 865 399 898 est
441 857 637 911 vulgatae
678 864 714 897 el
744 881 797 885 —
826 870 971 907 yenere
1017 862 1122 897 rullo
1168 840 1223 897 esi
1268 857 1381 898 haud
1435 858 1560 898 dubie

91 934 370 989 praeferenda
400 940 476 987 est,
508 936 662 989 quippe
694 948 802 990 quae
825 934 1105 989 Theophrasti
1139 934 1266 975 verba
1291 935 1407 975 VIII.
1443 938 1504 978 11.
1537 938 1560 977 ὃ

87 1016 182 1066 βίος
211 1014 293 1069 γάρ
339 1010 458 1055 ἐστιν
493 1010 694 1061 ἑκάστοις
743 1010 987 1066 ὡρισμένος
1027 1012 1140 1068 πρὸς
1187 1012 1319 1067 γονήν
1365 1022 1560 1053 accurate

91 1090 311 1145 exprimat.
370 1089 480 1130 Num
510 1094 652 1130 tamen
693 1090 862 1131 omnino
903 1090 1067 1131 sincera
1098 1090 1174 1142 sit,
1225 1090 1370 1131 dubito
1413 1098 1454 1131 et
1482 1106 1560 1131 mm

90 1173 259 1209 omnium
286 1169 329 1209 in
358 1173 579 1209 universum
611 1173 777 1209 omnium
807 1168 961 1209 mutari
990 1168 1128 1208 velim.

575 1296 683 1342 213.
726 1296 797 1341 14.
878 1326 882 1327 ν
922 1297 1080 1351 25,57.

160 1424 212 1428 --
265 1410 495 1444 occasum
555 1393 839 1442 matutinum
896 1392 1205 1457 vergiliarum
1260 1424 1319 1431 —-
1375 1396 1560 1444 Anaxi-

155 1482 356 1531 mander
396 1482 634 1546 vigesimo
681 1497 810 1531 nono
866 1481 972 1541 (die
1018 1483 1076 1531 ab
1116 1483 1427 1547 aequinoctio
1466 1489 1559 1531 tra-

156 1570 277 1619 didit
312 1570 451 1631 fieri),
488 1570 761 1620 Euctemon
798 1569 1016 1620 XLVIII.

191 1662 243 1700 X.
276 1662 371 1702 XX.
403 1673 441 1712 a,
473 1662 637 1700 XXXI.
669 1658 799 1700 schol.
832 1660 1046 1712 German,
1078 1660 1146 1714 qui
1178 1673 1271 1701 cum
1303 1661 1460 1715 optimo
1493 1674 1558 1701 co-

92 1736 183 1778 dice
216 1738 271 1787 (si
301 1742 441 1778 tamen
471 1738 513 1778 in
543 1737 648 1778 libro
678 1737 867 1790 plurimis
896 1739 1006 1779 vitiis
1038 1738 1322 1779 contaminato
1356 1738 1407 1779 de
1437 1739 1558 1779 bonis

91 1815 306 1856 codicibus
347 1816 462 1871 loqui
492 1817 615 1868 licet)
657 1815 771 1855 nulla
813 1815 901 1856 fere
940 1815 1270 1877 transpositione
1308 1816 1421 1858 facta
1461 1831 1558 1858 con-

91 1895 240 1935 sentit:
301 1895 444 1949 itaque
490 1909 688 1935 numerus
718 1898 871 1935 XXXI
923 1878 1095 1949 vulgata
1123 1895 1305 1936 lectione
1356 1902 1557 1950 praestat.

90 1971 344 2014 Ultimorum
383 1973 605 2014 verborum
645 1974 839 2015 lacunam
877 1973 1119 2014 Boeckhius
1165 1974 1207 2013 in
1251 1973 1356 2015 libro
1407 1974 1558 2016 doctis-

91 2052 194 2092 simo
229 2065 311 2106 quo
343 2052 394 2093 de
423 2052 621 2092 universo
651 2051 731 2093 hoc
777 2065 933 2108 genere
965 2053 1051 2107 egit
1088 2051 1216 2101 (iiber
1247 2051 1313 2092 die
1344 2053 1558 2107 vierjahri-

89 2144 170 2184 gen
211 2130 527 2171 Sonnenkreise
581 2130 654 2172 der
691 2131 841 2179 Alten)
903 2145 942 2186 p.
981 2131 1034 2173 86
1080 2135 1195 2172 recte
1247 2131 1306 2171 sic
1352 2131 1556 2186 explevit:

90 2212 305 2250 Euctemon
335 2212 494 2261 XLIV,
543 2212 738 2249 Eudoxus
767 2212 840 2249 XL
854 2211 965 2249 VIII.
998 2209 1035 2263 ἕ.
1067 2209 1148 2251 220
1187 2222 1279 2248 cum
1324 2208 1441 2250 codd.
1476 2224 1499 2250 a
1532 2210 1555 2250 d

88 2294 201 2327 nocte
239 2287 445 2339 habeant,
498 2287 757 2341 singularem
787 2296 938 2328 noclem
979 2286 1172 2342 praefero
1205 2287 1390 2341 itemque
1428 2289 1554 2342 paulo

89 2369 186 2404 ante
211 2352 396 2406 *noctibus
426 2366 468 2405 in
498 2370 604 2406 nocti
633 2364 882 2406 mutandum
915 2379 1009 2407 esse
1041 2365 1244 2419 arbitror,
1277 2365 1553 2421 depravatum

88 2443 248 2484 scilicet
277 2443 498 2497 pluralium
528 2443 756 2484 vicinitate.

632 2548 723 2595 231
764 2564 807 2582 =
843 2548 1002 2604 26‚62.

151 2632 457 2684 Democritus
493 2632 640 2682 talem
672 2633 879 2682 futuram
900 2633 1111 2682 hiemem
1133 2634 1402 2693 arbitratur,
1439 2650 1554 2698 qua·

152 2720 211 2770 lis
246 2722 389 2771 fuerit
411 2722 607 2771 brumae
643 2722 748 2770 dies
932 2722 1045 2770 item
1072 2722 1280 2772 solstitio
1300 2729 1550 2773 aestatem.

142 2809 325 2850 Verbum
339 2815 435 2865 post
451 2817 638 2851 aestatem
656 2814 756 2864 puto
780 2808 1001 2862 excidisse,
1033 2814 1235 2851 declarari
1268 2811 1333 2851 vel
1364 2816 1550 2852 inde'care'.

1589 1338 1669 1381 364

1585 2564 1664 2606 365
