1914 3237
237 149 318 192 104
835 151 954 193 Liber
981 154 1102 194 ΧΧΙ.

238 285 285 322 ut
305 285 453 322 neuter
469 280 587 321 alteri
609 285 827 337 praestare
855 282 1048 325 videatur
1070 282 1276 338 nobisque
1300 297 1322 326 e
1344 297 1389 326 re
1410 284 1505 340 ipsa
1520 283 1697 326 liberum

235 358 434 400 iudicium
464 359 682 415 relinquat.

125 429 206 471 447
343 436 382 491 §2
415 438 436 479 1
470 442 513 479 et
541 437 567 480 2
603 439 717 480 mala
754 439 879 495 vulgo
917 440 1253 495 interpunctione
1294 440 1500 483 laborant.
1558 441 1696 490 Quum

235 516 348 556 enim
379 516 472 558 cola
510 521 767 559 inenarrabili
793 523 939 568 florum
969 543 1022 548 —
1050 522 1263 561 subtillime
1294 525 1336 562 et
1363 524 1437 562 sed
1463 535 1513 562 ne
1536 525 1699 574 pictura

234 597 388 645 quidem
416 597 636 645 sufficiente
664 597 737 638 rel.
767 597 1043 652 responsione
1075 597 1342 651 cohaereant,
1373 600 1562 655 sequitur
1589 615 1698 657 quae

234 672 375 714 media
404 674 697 715 intericiuntur
734 675 1000 730 parenthesis
1044 676 1136 718 loco
1172 677 1338 731 prolata
1367 682 1409 718 et
1443 679 1606 720 uncinis
1635 680 1697 721 in-

234 751 445 793 cludenda
475 766 581 794 esse.
615 753 695 807 §.3
724 753 868 794 nescio
901 767 972 794 cur
1003 755 1084 796 S.I.
1110 754 1264 796 bonam
1297 755 1416 797 codd.
1449 756 1697 810 optimorum

237 830 488 886 scripturam
517 838 702 882 stroppos
739 831 1088 887 reliquerintffi—
1168 833 1233 888 §S
1265 833 1400 876 3—13
1434 833 1476 874 in
1515 834 1699 877 chresto-

233 908 394 949 mathia
431 923 471 964 p.
502 909 582 952 209
614 923 703 965 sqq.
731 910 920 951 tractavi.
979 909 1102 958 Quod
1138 910 1195 952 ibi
1233 911 1355 953 omisi
1384 912 1421 967 §.
1453 913 1504 955 12
1534 913 1698 955 initium

237 991 334 1027 ante
366 986 452 1028 Sill.
486 987 751 1029 emendatius
791 987 1072 1030 scribebatur:
1130 1003 1260 1030 unum
1299 989 1432 1042 addo,
1472 1004 1494 1032 e
1524 991 1615 1034 cod.
1646 992 1698 1033 R.

234 1064 416 1106 lectione
464 1070 700 1117 scripserem
745 1075 781 1107 et
831 1070 1051 1118 (scripsere
1079 1075 1116 1108 et
1144 1067 1207 1119 V)
1253 1068 1561 1111 restituendum
1605 1084 1700 1112 esse

232 1147 478 1195 scripserunt
492 1143 541 1198 *J
549 1175 558 1184 .
1346 1132 1356 1141 ”

122 1266 204 1310 448
840 1257 904 1305 28
921 1271 974 1291 =
991 1258 1114 1313 6,15.

299 1340 525 1390 Proxima
563 1342 605 1391 ei
661 1341 936 1401 (Calatinae
977 1342 1159 1400 violae)
1212 1342 1481 1399 caltha'est
1518 1356 1699 1394 conco-

298 1428 387 1478 lori
424 1416 970 1495 amplitudine,*vincit
1023 1447 1222 1480 numero
1283 1431 1509 1481 foliorum
1564 1434 1701 1482 mari-

300 1532 410 1566 nam
445 1517 531 1568 rel.

314 1609 518 1646 concolori
546 1605 610 1657 R,
641 1614 676 1646 ct
707 1610 938 1648 conculcari
967 1606 1018 1659 V,
1063 1605 1176 1648 unde
1207 1606 1446 1648 Gronovius
1481 1615 1518 1647 et
1548 1610 1700 1648 cochle-

233 1686 296 1723 ari
326 1687 593 1736 ternple'tudine,
625 1684 746 1739 quasi
776 1684 828 1725 dc
853 1684 1039 1726 remedio
1057 1684 1314 1726 medicorum
1339 1688 1548 1740 ageretur,
1572 1684 1701 1726 Ianus

232 1774 341 1802 novo
372 1761 577 1803 vocabulo
609 1765 840 1803 conchulam·
869 1767 1123 1815 (tmple'tude'ne
1151 1762 1396 1816 elicuerunt,
1442 1763 1559 1804 obliti
1590 1763 1699 1804 scili-

233 1843 301 1880 cet
330 1839 501 1892 coloris,
540 1840 609 1896 qui
640 1846 807 1894 praeter
837 1840 1157 1895 amplitudinem
1189 1845 1231 1882 et
1269 1841 1370 1882 folia
1400 1840 1454 1882 ad
1484 1855 1699 1896 compara-

233 1917 389 1958 tionem
420 1918 616 1972 pertinet.
650 1918 802 1958 Deleta
833 1918 1118 1973 dittographia
1147 1923 1323 1960 cocolori
1353 1919 1580 1974 legendum
1606 1932 1701 1960 esse

233 1999 431 2049 apparet:

288 2077 442 2127 colore,
474 2076 741 2125 amplitudine.

122 2197 203 2240 449
594 2178 655 2223 29
676 2191 726 2209 Ξ
751 2178 875 2232 (mo.
952 2175 1042 2233 (isle
1079 2175 1335 2233 baccare).

297 2260 494 2324 quidam
532 2277 694 2311 errore
733 2261 855 2312 salso
894 2262 1191 2312 barbaricam
1229 2278 1333 2312 eam
1372 2261 1696 2328 appellabant.

342 2347 427 2388 Cur
456 2351 645 2403 quaeso?
676 2350 873 2405 quoniam
904 2350 1016 2405 apud
1045 2350 1374 2405 Aristophanem
1396 2351 1478 2391 tale
1510 2365 1698 2406 unguen-

232 2432 319 2465 tum
351 2439 716 2469 conmiemoratur.
776 2430 833 2469 At
863 2428 1018 2471 idcirco
1051 2432 1268 2470 barbarica
1301 2443 1384 2470 non
1414 2434 1479 2469 est
1508 2428 1697 2470 baccaris

231 2502 364 2554 radix,
397 2507 639 2546 bacchae-ica
671 2519 764 2547 esse
798 2512 956 2560 potest,
993 2506 1204 2562 βάκχαρις
1240 2507 1351 2547 enim
1395 2520 1419 2547 a
1449 2506 1698 2547 Dioscoride

230 2582 308 2624 llI.
340 2584 394 2624 44
425 2591 608 2624 vocatur.

306 2723 344 2761 '')
373 2721 530 2755 Eandem
573 2722 812 2755 coniecturam
854 2721 1068 2764 maj-hostius
1097 2734 1129 2766 p.
1163 2722 1226 2756 110
1261 2732 1344 2755 ann.
1370 2720 1414 2755 64
1451 2720 1560 2764 paulo
1599 2720 1699 2755 dubi-

373 2793 508 2824 tantius
535 2791 694 2835 protulit.
