1914 3237
729 196 847 237 Liber
875 198 1077 238 XXXVI.
1556 196 1637 239 235

736 328 828 376 127
856 347 900 366 =
923 329 1079 386 1635.
1669 361 1749 405 797

246 412 496 472 (Ferrum)
538 412 740 463 trahitur
774 420 1001 479 magnete
1054 415 1216 481 lapide
1254 444 1329 465 κ.
1394 414 1637 466 Sideritim

240 500 302 550 ob
358 501 408 548 id
466 501 560 550 alio
614 503 808 552 nomine
857 509 1059 561 vocant,
1114 504 1308 567 quidam
1363 503 1638 554 Heraclion.

237 587 439 652 Magnes
475 589 560 638 rel·

282 675 469 716 Primum
499 677 705 732 particula
743 691 913 728 namque
942 682 1039 733 post
1074 693 1110 721 V.
1144 682 1316 720 trahitur
1345 694 1452 736 quae
1482 695 1567 722 non
1598 681 1639 721 in

171 753 210 794 R
232 753 258 793 d
282 758 444 794 tantum
465 755 540 796 sed
559 755 684 796 etiam
716 755 758 796 in
774 755 809 796 B
827 756 1034 811 reperitur
1063 757 1309 798 restituatur
1340 763 1518 813 oportet,
1552 764 1639 799 tum

178 835 391 873 Heraclion
422 834 553 874 altero
585 833 755 874 nomine
787 832 997 875 Graecum
1030 834 1157 875 etiam
1202 849 1358 890 genere
1407 836 1538 878 fuisse
1569 836 1640 878 de-

172 914 444 964 monstratur,
492 915 618 966 atque
642 909 873 966 Ἡράκλεια
903 914 1028 961 λίθος
1059 912 1111 953 ab
1141 912 1356 969 Hesychio
1386 915 1640 956 nominatur.

171 989 321 1044 Itaque
347 991 591 1030 Heracliam
627 994 819 1038 (eraclem
850 1005 901 1030 an
932 990 993 1040 R)
1017 990 1283 1033 scribendum
1314 997 1390 1034 est.

711 1093 803 1140 130
823 1106 875 1125 =
894 1090 1089 1140 ibidem.
1668 1099 1750 1143 798

240 1177 384 1227 Alius
420 1192 587 1226 rursus
623 1178 670 1226 in
693 1178 866 1227 eadem
886 1178 1153 1244 Aethiopia
1188 1196 1283 1231 non
1308 1182 1479 1247 procul
1500 1198 1639 1232 mons

237 1266 418 1331 [gignit
473 1266 688 1332 lapidem
742 1265 1036 1317 theameden
1091 1269 1192 1332 qui]
1262 1269 1439 1319 ferrum
1495 1286 1639 1320 omne

241 1354 394 1419 abigit
429 1354 730 1420 respuitque.

280 1442 401 1490 Quae
444 1443 692 1484 inclusimus
723 1442 930 1484 vocabula
970 1443 1082 1484 unde
1126 1444 1169 1484 in
1210 1447 1467 1486 recentiores
1511 1445 1639 1487 libros

172 1520 431 1575 irrepserint,
464 1520 621 1573 nescio,
653 1533 703 1561 ac
724 1521 858 1576 possit
882 1534 985 1562 sane
1010 1521 1167 1577 aliquid
1198 1527 1296 1564 ante
1325 1537 1362 1564 V.
1395 1525 1544 1576 ,mons‘
1574 1524 1641 1567 vel

168 1601 267 1652 post
297 1597 477 1638 eandem
508 1598 720 1640 excidisse
749 1599 896 1640 videri.
928 1600 985 1640 At
1015 1613 1143 1654 quum
1173 1600 1280 1656 lapis
1310 1601 1378 1642 ille
1404 1606 1445 1643 et
1466 1616 1639 1658 prorsus

168 1676 339 1730 ignotus
372 1675 425 1718 sit
463 1681 589 1731 atque
620 1690 673 1718 ne
713 1677 755 1718 in
786 1677 925 1718 indice
956 1677 1124 1732 quidem
1163 1678 1286 1720 huius
1318 1679 1412 1721 libri
1455 1681 1637 1736 reperia-

168 1758 259 1806 tur,
310 1755 410 1795 artis
451 1758 622 1796 nostrae
660 1755 824 1811 legibus
863 1760 963 1811 puto
1012 1755 1298 1798 condemnari.
1355 1759 1462 1799 Tum
1501 1760 1638 1814 ipsum

169 1831 274 1873 illud
318 1832 570 1873 vocabulum
613 1847 725 1874 mons
768 1833 979 1889 lapidibus
1022 1834 1091 1875 vix
1126 1834 1290 1876 videtur
1318 1843 1432 1878 recte
1469 1839 1638 1893 opponi,

171 1923 299 1965 quare
329 1910 538 1951 Isidorum
562 1911 724 1954 XV1.4
754 1916 923 1953 secutus
959 1912 1103 1966 legere
1131 1913 1295 1955 malim:
1327 1919 1375 1955 Α.
1405 1930 1435 1956 ν.
1469 1920 1493 1956 ι’.
1524 1929 1557 1958 e.
1589 1922 1637 1959 A.

167 2002 333 2039 maanes
358 1991 510 2038 serrum
540 1991 613 2031 rel.
665 1988 812 2046 Neque
844 1992 955 2031 enim
987 1990 1039 2032 de
1069 1991 1217 2033 Indiae
1247 1997 1389 2035 monte
1421 1994 1500 2046 (ΙΙ.
1530 1996 1634 2048 211)

168 2066 438 2122 cogitandum
472 2073 548 2109 est.

734 2173 825 2220 130
849 2191 890 2209 =
917 2173 1072 2227 1626.
1665 2195 1745 2239 799

233 2257 470 2323 Lapidem
507 2273 533 2306 e
570 2255 725 2321 Scyro
779 2257 939 2307 insula
973 2258 1217 2322 integrum
1268 2259 1489 2311 fluctuari
1542 2267 1636 2312 tra-

231 2346 373 2414 dunt,
412 2345 623 2395 eundem
653 2346 998 2396 comminutum
1034 2348 1202 2411 mergi.

277 2433 456 2475 Codices
488 2447 634 2474 omnes
666 2439 792 2490 atque
823 2435 893 2490 qui
924 2449 998 2475 suo
1031 2447 1171 2477 errore
1202 2449 1347 2477 eorum
1386 2438 1635 2492 scripturam

165 2512 386 2553 confirmat
432 2512 619 2553 Isidorus
648 2512 765 2553 XVI.
798 2514 823 2555 4
872 2513 992 2568 ,lapis
1032 2527 1056 2554 a
1086 2514 1221 2569 Syria‘
1263 2514 1421 2557 habent
1468 2530 1489 2556 e
1517 2520 1635 2570 Syro,

165 2589 219 2631 ad
252 2603 356 2645 quos
389 2603 516 2645 quum
556 2590 600 2630 in
630 2590 768 2632 indice
809 2594 935 2632 etiam
968 2591 1004 2631 V
1036 2592 1231 2646 accedat,
1281 2593 1430 2650 Silligii
1460 2595 1635 2651 Ianique

164 2667 366 2709 iudicium
392 2681 477 2709 non
500 2682 673 2724 possum
703 2683 787 2710 non
807 2670 962 2723 mirari,
994 2670 1065 2725 qui
1093 2671 1135 2711 in
1153 2670 1365 2713 Harduini
1382 2675 1635 2716 sententiam

164 2753 392 2801 propterea
422 2752 743 2801 concesserunt,
784 2747 897 2803 quod
928 2747 1082 2803 Scyros
1111 2750 1250 2791 insula
1280 2751 1474 2806 lapidosa
1503 2752 1634 2794 fuisse

163 2828 375 2878 narratur,
426 2827 546 2880 quasi
575 2825 673 2867 inde
712 2831 1041 2882 consequeretur
1070 2828 1206 2870 nullos
1247 2830 1289 2870 in
1323 2830 1428 2886 Syro
1469 2830 1632 2886 lapides
