1914 3237
720 164 840 203 Liber
868 165 1054 204 XXXII.
1537 159 1618 204 203

266 294 468 332 testudinis
520 291 556 331 V
605 295 647 333 et
683 290 742 344 B,
789 291 974 347 itemque
1014 291 1176 332 Plinius
1207 291 1457 332 Valerianus
1486 290 1563 332 III.
1594 291 1620 333 6

154 372 268 409 reete
298 369 456 425 utique.

725 451 888 497 121:
913 450 1067 506 10‚42.
1649 439 1729 484 716

162 544 165 546 ·
224 532 525 599 Sanguinem
562 534 663 584 fieri
702 535 908 601 piscium
946 536 1054 585 cibo
1093 539 1276 599 putant.

262 625 361 672 flere
390 624 457 675 Bt,
485 627 612 673 fluere
644 625 696 664 132
726 629 854 677 reete,
894 638 990 665 nam
1022 623 1278 665 eontrarium
1310 622 1451 663 statim
1483 622 1620 677 sequi-

153 704 221 740 tur
252 700 443 752 ,sisteref

468 780 824 830 123=ibidem
868 780 957 840 (de
986 778 1340 837 hirudinibus).
1650 775 1730 819 717

220 866 500 931 Aliquando
541 873 695 917 tamen
746 868 1024 932 relinquunt
1060 868 1221 916 adfixa
1259 866 1439 931 capita,
1495 881 1619 930 quae

221 970 369 1004 causa
406 985 464 990 —--
502 956 680 1006 multos
734 956 994 1014 interemit,
1049 956 1174 1005 sieut
1227 954 1539 1004 Messalinum
1594 970 1619 1003 e

218 1042 557 1093 consularibus
596 1045 826 1109 patriciiS,
882 1060 990 1094 eum
1026 1044 1087 1093 ad
1132 1059 1265 1108 genu
1316 1042 1620 1102 admisissem

216 1130 453 1180 invehunt
489 1132 620 1181 virus
658 1133 875 1182 remedio
901 1147 1061 1183 verso.

262 1219 372 1259 Male
404 1218 485 1261 dici
525 1219 770 1271 ,remedium
802 1222 984 1262 versum‘
1017 1220 1238 1262 Pintianus
1278 1219 1507 1270 intellexit,
1551 1231 1622 1258 ne-

151 1311 232 1353 que
250 1302 391 1339 tamen
411 1302 526 1338 reete
546 1303 584 1338 m
606 1302 743 1339 venem·
766 1299 958 1340 coniecit.
992 1298 1027 1339 E
1045 1298 1235 1340 codicum
1256 1303 1395 1339 autem
1418 1298 1624 1353 scriptura

151 1381 304 1417 inuenit
335 1381 446 1417 uirus
475 1376 511 1416 B
557 1381 762 1417 inueniunt
808 1382 917 1418 uirus
955 1377 1047 1418 VR
1069 1376 1103 1417 T
1134 1377 1258 1418 facile
1287 1376 1466 1417 efficitur
1497 1379 1624 1416 invem·

150 1459 188 1494 in
222 1459 351 1507 virus,
384 1469 439 1496 se.
472 1454 599 1510 ,apud
630 1457 840 1496 auctores‘
874 1455 994 1505 (XX.
1025 1455 1128 1505 215)
1162 1456 1448 1503 interemisse„
1497 1468 1621 1510 quem

148 1533 401 1574 infinitivum
433 1532 704 1588 breviloquus
735 1534 914 1588 scriptor
947 1534 1100 1574 omisit.
1148 1533 1316 1574 Cottam
1346 1534 1621 1575 Messalinum

150 1611 268 1664 dixit,
299 1612 467 1653 Tiberio
498 1616 705 1667 regnante
736 1613 880 1653 neseio
911 1625 992 1667 quo
1016 1625 1126 1652 anno
1149 1592 1364 1653 eonsulem
1386 1612 1620 1654 suffectum.

149 1690 294 1745 Pergit
323 1690 500 1731 Plinius:

708 1747 798 1794 124
818 1768 875 1787 Ξ
894 1744 1091 1794 ibidem,
1649 1744 1731 1788 718

217 1834 420 1883 Maxime
447 1834 579 1882 rufae
608 1834 671 1882 ita
700 1833 1044 1894 formidantur3
1083 1849 1201 1898 ergo
1229 1837 1466 1897 sugentes
1491 1832 1620 1882 rufas

214 1922 462 1972 forficibus
499 1915 803 1986 praecidunt.

260 2010 308 2052 V.
341 2012 458 2059 rufus
482 2009 591 2050 male
623 2010 819 2064 repetivit
850 2010 952 2061 Sill„
984 2011 1111 2051 Ianus
1145 2011 1307 2051 cautius
1335 2010 1467 2051 libros
1497 2008 1618 2052 MSS·

150 2094 319 2130 secutus
349 2101 492 2138 suqere
522 2088 700 2141 scripsit,
733 2093 830 2128 ante
863 2102 897 2128 v,
929 2090 1045 2136 rufus
1073 2088 1230 2144 aliquid
1251 2088 1459 2143 exeiglisse
1490 2092 1619 2128 ratus.

152 2168 207 2208 At
237 2167 344 2207 haee
374 2167 466 2221 ipsa
497 2180 578 2207 vox
606 2156 647 2206 in
672 2179 755 2206 uno
781 2166 839 2205 B2
862 2166 1081 2220 reperitur,
1115 2166 1139 2206 i.
1169 2180 1204 2207 e.
1235 2166 1276 2206 in
1296 2167 1455 2221 optimo
1475 2166 1620 2207 codiee

150 2245 426 2299 interpolato:
456 2257 599 2293 swyere
631 2246 743 2292 ursas
770 2244 924 2299 legitur
945 2244 988 2285 in
1009 2243 1059 2296 B,
1090 2257 1231 2295 suffere
1249 2257 1344 2284 oras
1361 2244 1405 2284 in
1424 2244 1462 2284 V
1476 2244 1515 2285 R
1529 2243 1554 2284 d
1572 2244 1618 2286 T.

152 2321 431 2363 Seribendum
463 2326 529 2362 est
558 2322 708 2376 igitur:

205 2413 389 2451 szcyere
420 2412 579 2441 orsaS.

262 2478 409 2519 Obiter
432 2491 584 2519 moneo
617 2479 653 2532 ξ.
686 2478 763 2521 125
811 2478 862 2519 de
893 2477 1048 2519 codicis
1078 2478 1125 2519 Β.
1159 2492 1299 2519 errore
1336 2478 1444 2519 male
1476 2493 1500 2519 a
1532 2478 1618 2520 sill.

152 2556 330 2598 relatum
359 2569 466 2608 esse,
495 2560 689 2597 accurate
721 2556 773 2598 ab
803 2556 907 2597 lano
938 2556 980 2597 in
1011 2555 1076 2598 ed.
1095 2556 1126 2597 Ι.
1148 2556 1446 2598 Teubneriana
1467 2557 1547 2598 vol.
1568 2557 1617 2597 V.

153 2649 192 2689 p.
223 2635 315 2677 2356.
374 2634 410 2687 ς.
445 2635 522 2677 134
550 2638 621 2674 sub
660 2638 728 2675 diu
776 2635 902 2675 etiam
948 2635 990 2675 in
1022 2634 1057 2675 B
1090 2634 1255 2689 legitur.
1314 2635 1351 2689 §.
1383 2635 1462 2678 136
1493 2635 1617 2690 vulgo

154 2716 266 2753 reete
311 2726 362 2753 ex
389 2712 678 2767 Xl'legitur3
729 2712 845 2768 quod
890 2713 1001 2754 enim
1033 2712 1068 2754 B
1115 2712 1244 2755 habet
1292 2726 1313 2753 e
1343 2717 1470 2756 XXV
1517 2712 1617 2757 nihil

153 2790 267 2832 aliud
298 2795 363 2832 est
394 2796 520 2846 atque
547 2804 599 2832 ea:
618 2796 661 2833 Χ
670 2793 712 2833 V.
1115 2783 1120 2787 ¹
