1914 3237
279 142 362 186 160
841 141 958 180 Lz'ber
987 142 1073 180 XX
1081 140 1193 180 VIII.

390 270 558 312 Scribe:
591 274 907 322 precatione.

169 421 250 466 595
825 394 887 442 39
923 412 966 431 =
1001 390 1197 440 ibidem.

343 490 442 541 Nos
477 491 518 539 si
553 490 700 549 haec,
739 495 786 540 et
820 489 902 539 illa
939 489 1195 538 credamus
1230 488 1318 537 rite
1353 487 1486 548 fieri,
1524 487 1742 536 extranei

343 580 619 628 interventu
673 582 755 626 aut
807 578 847 627 si
901 577 1148 627 dormiens
1201 580 1450 641 spectetur
1503 574 1659 623 infans
1719 589 1746 623 a

344 667 531 716 nutrice
566 671 703 715 terna
753 665 951 731 adspui,
1001 679 1291 729 quamquam
1345 661 1456 712 illos
1509 661 1745 726 religione

346 760 527 804 tutatur
563 760 611 804 et
636 754 851 804 fascinus
870 754 1214 818 imperatorum
1236 765 1448 816 quoque,
1473 765 1570 800 non
1588 748 1745 799 solum

345 843 595 892 infantium
633 847 800 892 custos
845 842 935 906 qui
972 840 1095 890 deus
1131 840 1256 889 inter
1290 854 1429 888 sacra
1466 837 1684 888 Romana
1719 851 1746 885 a

283 990 287 995 ¹
344 930 623 980 Vestalibus
675 929 849 980 colitur
893 934 942 979 et
990 943 1158 978 currus
1211 925 1607 992 triumphantium
1656 925 1746 974 sub

345 1018 419 1068 his
455 1018 679 1084 pendens
715 1017 935 1067 defendit
969 1017 1190 1067 medicus
1226 1014 1461 1073 invidiae,
1516 1014 1746 1078 iubetque

344 1107 548 1157 eosdem
584 1107 831 1171 respicere
858 1104 1028 1155 similis
1064 1104 1308 1155 medicina
1342 1102 1554 1167 linguae,
1602 1105 1653 1150 ut
1687 1102 1748 1150 sit

345 1199 546 1245 exorata
579 1210 607 1243 a
642 1200 783 1259 tergo
820 1194 1033 1245 Fortuna
1066 1191 1256 1258 gloriae
1294 1190 1525 1241 carnifex.
1574 1250 1591 1268 ⁶
1910 1167 1914 1241 Ι

391 1295 548 1335 Locum
578 1293 732 1334 misere
763 1298 1005 1349 corruptum
1051 1292 1179 1334 talem
1207 1291 1294 1333 Sill.
1327 1290 1538 1344 exhibuit,
1578 1303 1601 1332 e
1632 1290 1748 1332 libris

281 1372 401 1414 MSS.
421 1372 449 1413 ii
473 1385 578 1427 quos
614 1385 715 1427 prae
745 1371 917 1427 reliquis
948 1370 1067 1426 sequi
1097 1384 1172 1426 par
1202 1373 1267 1411 est
1296 1368 1384 1410 RV
1414 1368 1495 1409 alio
1526 1367 1651 1409 modo
1682 1382 1748 1410 sa-

280 1450 468 1491 nandum
500 1463 594 1490 esse
625 1449 928 1490 demonstrant.
987 1449 1050 1490 Ac
1081 1450 1260 1503 primum
1290 1446 1459 1502 quidem
1498 1446 1542 1487 in
1570 1451 1749 1502 utroque

281 1542 366 1569 non
395 1541 466 1568 nos
496 1527 609 1583 quod
646 1528 688 1568 in
721 1527 746 1568 d
776 1527 1076 1582 interpolatum
1116 1539 1212 1567 esse
1242 1525 1407 1567 videtur
1445 1523 1520 1565 sed
1550 1538 1617 1566 eos
1647 1524 1750 1580 legi-

282 1611 362 1659 tur,
393 1605 662 1647 referendum
691 1605 806 1646 haud
823 1605 950 1646 dubie
975 1604 1028 1645 ad
1045 1604 1317 1655 Marcionem,
1349 1601 1546 1657 Opilium,
1580 1601 1751 1658 Salpen,

281 1685 351 1740 qui
390 1684 501 1738 sputi
545 1683 777 1724 efficaciam
816 1683 1056 1725 celebrasse
1099 1695 1227 1723 sensu
1276 1680 1467 1736 proximo
1529 1681 1745 1736 superiore

281 1762 488 1804 dicuntur.
531 1761 680 1816 Neque
711 1766 852 1802 tamen
883 1760 1119 1802 Gronovius
1151 1759 1222 1816 qui
1251 1758 1509 1815 pronominis
1542 1758 1748 1800 rationem

281 1841 438 1895 optime
467 1838 695 1890 intellexit,
745 1851 812 1878 eos
848 1837 891 1878 in
936 1842 992 1878 eis
1021 1842 1135 1878 recte
1178 1836 1345 1879 videtur
1383 1840 1584 1878 mutasse.
1642 1835 1750 1877 Nam

282 1918 531 1959 lacunosum
561 1917 700 1972 potius
731 1916 869 1957 locum
909 1928 1002 1956 esse
1033 1915 1291 1970 verbumque
1331 1927 1414 1969 quo
1453 1913 1647 1955 infinitivi
1688 1926 1752 1954 re-

284 2001 449 2051 gantur,
481 1994 713 2037 desiderari
743 2007 846 2035 voce
873 1997 963 2043 fieri
992 1992 1225 2045 indicatur,
1268 2005 1376 2048 quae
1406 1992 1448 2032 in
1481 1990 1556 2032 Vd
1587 1991 1752 2046 legitur,

285 2088 310 2115 a
337 2074 377 2115 R
401 2074 535 2115 abest.
567 2072 703 2120 Quam
733 2072 928 2112 lacunam
958 2071 999 2111 in
1032 2070 1178 2112 codice
1214 2069 1443 2124 archetypo
1474 2069 1600 2110 latius
1625 2069 1752 2110 etiam

285 2152 473 2207 patuisse
504 2151 684 2206 primum
728 2149 953 2191 verisimile
996 2149 1041 2189 fit
1073 2161 1175 2189 voce
1208 2156 1409 2188 mutuatur
1438 2146 1505 2187 vel
1542 2152 1588 2188 ut
1617 2152 1682 2187 est
1711 2147 1752 2187 in

287 2228 341 2269 R¹
373 2238 549 2282 utuntur,
580 2229 622 2270 in
652 2228 710 2269 R²
739 2233 934 2281 mutatur3
975 2231 1061 2267 tum
1093 2225 1299 2267 vocabulo
1331 2232 1445 2265 lerna
1475 2223 1586 2279 quod
1618 2224 1753 2266 solum

287 2313 435 2349 neutro
467 2321 569 2349 casu
600 2321 693 2349 cum
723 2306 851 2347 verbo
882 2305 1074 2361 proximo
1106 2303 1325 2346 commode
1355 2303 1636 2359 coniungitur.
1673 2302 1754 2344 His

287 2385 450 2427 accedit
491 2385 603 2440 quod
634 2386 732 2440 quia
762 2384 814 2425 ab
854 2397 998 2424 eorum
1037 2387 1201 2424 tantum
1237 2381 1453 2423 maleficiis
1493 2381 1643 2423 nutrici
1683 2394 1755 2422 ca—

287 2463 472 2505 vendum
504 2467 594 2504 erat
623 2463 693 2518 qui
723 2461 920 2517 malignis
951 2461 1130 2502 fortasse
1159 2461 1290 2502 oculis
1320 2459 1525 2500 infantem
1544 2458 1752 2500 dormien-

289 2547 374 2584 tem
406 2546 667 2597 spectarent,
719 2555 846 2597 quum
878 2544 1025 2581 contra
1063 2552 1088 2579 a
1126 2538 1372 2594 parentibus
1412 2536 1514 2577 nihil
1554 2535 1652 2577 mali
1683 2550 1754 2577 ex-

289 2625 459 2676 pectare
489 2621 654 2672 liceret,
693 2618 900 2674 particula
929 2626 998 2658 aue
1028 2616 1100 2657 ubi
1137 2629 1248 2657 nunc
1279 2615 1431 2671 legitur
1469 2613 1568 2655 ferri
1598 2616 1754 2669 nequit.

290 2699 451 2748 Quodsi
482 2699 608 2753 igitur
636 2696 920 2752 reputaveris,
954 2695 1141 2750 singulos
1173 2692 1389 2748 archetypi
1420 2691 1576 2733 codicis
1606 2706 1753 2733 versus

289 2778 439 2820 litteris
469 2777 627 2818 vicenis
659 2775 843 2830 septenis
887 2780 959 2815 aut
989 2774 1150 2815 octonis
1181 2772 1269 2814 fere
1301 2770 1564 2822 constitisse,
1603 2770 1754 2825 quibus
