1914 3237
795 169 913 209 Lt‘ber
942 170 1075 210 XXX
1083 169 1167 207 VII.
1629 164 1712 208 247

241 298 295 339 ad
325 313 363 339 v.
395 299 488 351 ,sui‘
521 299 834 341 transferretur.
868 298 1050 339 Facilior
1090 303 1230 338 tamen
1255 304 1297 338 et
1326 301 1498 352 propter
1520 295 1711 337 eiusdem

239 377 564 432 praepositionis
595 377 677 430 ,ad‘
708 376 908 418 viciniam
927 376 1100 417 similior
1130 376 1218 417 veri
1250 389 1300 416 ea
1325 375 1567 416 coniectura
1595 373 1710 415 vide-

240 460 308 496 tur
338 468 444 507 esse,
476 469 560 510 qua
589 459 837 496 admittentes
882 454 925 495 in
957 459 1257 495 transmittentes
1287 453 1584 509 corrigendum
1614 466 1711 508 pro-

242 546 367 586 pono.
425 532 475 573 In
505 534 700 588 proxima
728 533 918 576 sectione
947 533 1075 574 Ianus
1105 532 1214 574 bene
1243 532 1458 587 vulgatam
1487 531 1711 572 lectionem

240 611 437 653 restituit.

462 717 523 763 66
561 733 603 750 =
638 713 835 763 ibidem.
859 713 950 773 (de
973 712 1162 777 Cypriis
1195 710 1518 776 smaragdis).
1739 722 1822 765 840

311 830 361 834 ——
402 801 492 851 dos
514 816 681 851 eorum
721 807 795 851 est
831 802 879 850 in
908 800 1074 852 colore
1112 800 1297 865 liquido
1336 830 1396 836 -—
1435 799 1710 864 pariterque

307 895 355 939 ut
394 888 693 939 transluceat
731 895 779 939 et
816 889 964 939 niteat
1013 889 1124 954 [hoc
1161 895 1235 939 est
1272 894 1322 939 ut
1372 887 1589 939 colorem
1625 904 1711 937 ex-

304 976 466 1043 pellat,
506 979 663 1028 aciem
699 977 934 1044 recipiatj.

346 1065 496 1119 Neque
527 1067 629 1108 satis
661 1066 810 1107 Latine
839 1066 1007 1107 locutus
1038 1071 1103 1106 est
1149 1065 1403 1120 quicumque
1433 1065 1564 1107 verba
1592 1065 1709 1106 unci-

238 1146 304 1185 nis
336 1144 500 1185 inclusa
531 1144 768 1199 adscripsit,
799 1158 897 1185 nam
929 1144 999 1199 qui
1032 1144 1255 1197 expellitur
1285 1143 1412 1195 color,
1460 1157 1544 1185 non
1574 1156 1709 1184 rema—

237 1228 330 1275 net,
377 1235 514 1277 neque
544 1222 772 1277 quidquam
803 1222 984 1263 orationi
1014 1222 1137 1263 Plinii
1169 1221 1332 1263 addidit
1361 1221 1473 1277 quod
1504 1235 1586 1262 non
1618 1235 1709 1262 ver-

238 1301 301 1342 bis
333 1301 552 1356 eleganter
581 1301 691 1342 inter
722 1314 767 1341 se
797 1300 1002 1355 oppositis
1035 1299 1284 1341 declaretur.

827 1405 888 1451 67
923 1414 973 1436 Ξ
1011 1405 1136 1460 5,18.
1739 1410 1819 1453 841

302 1489 403 1540 Sed
441 1495 489 1539 et
523 1489 639 1538 vitia
686 1490 1008 1540 demonstrari
1045 1489 1275 1540 convenit
1324 1489 1371 1537 in
1408 1493 1503 1537 tam
1542 1490 1709 1554 prodi-

301 1580 379 1644 gis
416 1579 594 1644 pretiis.

346 1667 457 1709 Huic
488 1668 520 1708 B
553 1666 710 1707 codicis
743 1666 977 1721 scripturae
1019 1666 1274 1708 adiectivum
1305 1672 1526 1721 acceptum
1556 1666 1709 1719 refero,

235 1745 501 1801 interpolatis
532 1744 748 1786 codicibus
777 1744 850 1786 ubi
881 1746 935 1798 ,in
968 1750 1085 1786 tanto
1104 1744 1311 1800 prodigio‘
1343 1746 1545 1800 scriptum
1570 1750 1710 1786 exstat

237 1824 452 1876 vocalem,
501 1823 652 1879 quibus
685 1823 920 1864 coniunctis
954 1844 1005 1850 —-
1036 1828 1078 1864 et
1109 1823 1173 1864 his
1205 1823 1373 1879 quidem
1406 1824 1533 1865 etiam
1564 1837 1709 1865 carere

237 1907 482 1958 poteramus
518 1930 558 1935 —
596 1901 865 1943 scribendum
905 1915 1000 1942 esse
1043 1904 1290 1956 pronuntio:
1350 1906 1388 1942 in
1430 1911 1507 1943 tam
1543 1906 1709 1954 prodi-

235 1986 287 2033 qi
297 1985 403 2022 osis
427 1985 580 2032 pretiis.

783 2060 846 2108 68
882 2073 930 2095 =
968 2058 1165 2108 ibidem.
1740 2063 1821 2108 842

305 2178 363 2182 —
401 2154 482 2197 aut
530 2148 659 2196 intus
696 2146 908 2197 occurrit
953 2152 1034 2195 aut
1073 2148 1254 2213 excipit
1305 2149 1352 2197 in
1405 2148 1500 2197 tine
1551 2148 1710 2197 visum

302 2236 488 2286 candor
536 2237 615 2285 bic
655 2235 850 2286 coloris.
925 2233 1049 2283 Sunt
1083 2236 1196 2286 item
1247 2238 1359 2286 vitia
1397 2236 1711 2302 capillamen-

300 2329 402 2373 tum
440 2324 527 2374 rel.

346 2412 466 2454 Bene
496 2413 624 2454 Ianus
656 2413 696 2454 in
729 2413 826 2455 edit.
858 2415 997 2470 priore
1029 2424 1069 2456 et
1099 2414 1401 2471 praecedentia
1432 2414 1637 2468 restituit,
1668 2416 1709 2456 in

237 2491 388 2547 quibus
419 2505 545 2547 quam
563 2505 585 2532 e
607 2486 851 2534 coniectura
868 2493 1044 2534 inseruit
1066 2507 1212 2534 vocem
1232 2492 1433 2547 ,quidam‘
1453 2499 1552 2534 ante
1578 2493 1710 2547 ,varii‘

237 2584 331 2611 eam
362 2570 403 2611 in
422 2570 731 2626 Bambergensi
748 2571 933 2626 reperire
948 2576 1129 2626 poterat,
1160 2571 1411 2613 ethocloco
1444 2586 1467 2612 a
1487 2571 1521 2612 B
1554 2571 1710 2613 disces-

238 2649 303 2689 sit.
337 2648 500 2689 Vellem
525 2649 691 2704 longius
718 2663 967 2704 progressus
999 2656 1124 2691 esset.
1156 2650 1264 2691 Nam
1296 2650 1407 2705 quod
1437 2651 1478 2690 in
1509 2651 1545 2691 B
1577 2651 1709 2705 deest,

237 2726 301 2767 his
332 2727 374 2767 in
404 2726 543 2767 verbis
582 2741 666 2769 non
695 2729 831 2783 magis
870 2741 997 2783 quam
1035 2729 1287 2784 saepissime
1325 2743 1476 2771 manco
1516 2734 1558 2770 et
1595 2730 1709 2771 lacu-

236 2817 361 2857 noso,
393 2805 435 2845 in
469 2806 620 2846 ceteris
649 2806 765 2847 libris
796 2806 912 2848 varie
943 2812 1186 2862 corruptum
1218 2808 1442 2859 invenitur,
1472 2809 1514 2849 in
1546 2809 1580 2849 P
1604 2809 1705 2864 legi-
