1914 3237
165 893 245 937 794

167 2307 247 2349 796

279 169 360 213 234
834 172 949 213 Liber
980 174 1109 213 XXX
1117 175 1179 214 VJ.

387 301 524 349 Quum
557 315 703 344 omnes
732 303 920 356 codices,
966 317 1047 345 non
1080 303 1215 344 solum
1246 303 1284 344 R
1313 303 1339 344 d
1380 308 1499 354 (nam
1530 303 1739 346 Vossiano

277 380 360 420 iam
393 379 683 430 destituimur)
712 381 784 422 sed
816 382 941 422 etiam
960 380 1289 437 Bambergensis
1320 396 1404 422 eum
1422 381 1607 423 habeant
1640 381 1739 432 (fal-

276 458 372 498 litur
403 458 512 498 enim
545 458 680 510 Sin),
717 461 956 502 necessario
988 473 1088 501 eum
1119 459 1387 501 scribendum
1419 466 1501 514 est,
1541 475 1565 501 a
1595 475 1632 501 v.
1664 475 1739 513 ‚re-

274 537 497 591 liquerant‘
529 540 685 591 aptum.
747 536 943 578 Ceterum
976 540 1012 592 §.
1039 539 1092 581 98
1123 541 1272 588 inqem‘i
1304 543 1418 580 reete
1448 539 1572 594 vulgo
1604 539 1740 580 omitti

276 627 427 655 censeo
459 620 555 669 post
585 628 752 655 versum
773 615 941 656 XXVII
959 616 1192 658 litterarum
1225 630 1278 658 ex
1309 617 1500 672 proximo
1531 617 1738 658 vocabulo

275 693 522 748 repetitum,
569 697 713 734 milium
743 708 907 736 aureum
939 694 1149 750 quomodo
1189 695 1403 736 emendari
1436 695 1612 748 debeat,
1656 709 1740 736 non

275 785 452 827 reperlo.

755 879 830 924 99.
872 874 1254 924 100=ibide1n.

340 962 527 1012 Eadem
562 962 609 1010 in
647 962 766 1012 urbe
804 991 861 997 —
900 969 1058 1012 turres
1095 968 1284 1028 septem
1320 969 1552 1028 acceptas
1589 979 1741 1014 voees

340 1065 540 1100 numero
576 1065 870 1115 repercussu
906 1050 1227 1115 multiplicant
1264 1080 1340 1100 --.
1409 1051 1470 1101 Et
1505 1051 1600 1101 hoe
1637 1053 1742 1116 qui-

343 1140 451 1189 dem
499 1139 719 1189 locorum
754 1143 923 1187 natura
971 1139 1134 1188 evenit
1186 1155 1243 1189 ae
1281 1139 1565 1205 plerumque
1626 1156 1737 1190 eon-

339 1226 557 1288 vallium3
593 1227 658 1277 ibi
696 1242 814 1276 casu
849 1227 1052 1285 accidit,
1107 1226 1358 1293 Olympiae
1412 1234 1572 1277 autem
1625 1235 1740 1285 arte,

339 1317 386 1365 in
424 1316 614 1381 porticu
665 1330 808 1380 quam
861 1315 922 1365 ob
980 1316 1027 1363 id
1083 1314 1432 1381 heptaphonon
1479 1315 1742 1381 appellant,

342 1405 587 1471 [quoniam
624 1404 842 1470 septiens
880 1405 1051 1454 eadem
1076 1420 1172 1454 vox
1209 1403 1460 1461 reddituri.

383 1493 593 1535 Graecum
624 1492 875 1534 vocabulum
906 1492 1064 1533 Plinius
1105 1506 1178 1533 eur
1209 1492 1448 1547 legentibus
1490 1493 1742 1548 interpreta-

273 1576 388 1613 retur
416 1584 502 1613 nou
541 1571 641 1625 fuit3
691 1571 966 1626 grammatico
998 1571 1040 1611 in
1070 1572 1261 1626 margine
1299 1571 1572 1627 interpretem
1617 1585 1743 1626 agere

274 1649 445 1704 placuit.
502 1651 551 1691 In
582 1650 772 1705 proximo
812 1662 938 1690 sensu
982 1663 1066 1690 non
1097 1654 1193 1705 post
1231 1664 1268 1691 v.
1301 1653 1412 1691 clavo
1452 1649 1527 1691 sed
1565 1663 1676 1705 pone
1705 1664 1742 1690 v.

273 1733 443 1780 amplum
473 1728 857 1783 interpungendum
890 1741 984 1769 esse
1008 1727 1182 1770 videtur.

840 1833 929 1880 104
951 1852 994 1870 =
1021 1833 1175 1888 1524.

340 1916 442 1967 Sed
478 1922 576 1966 tuln
613 1933 759 1967 senes
795 1919 994 1983 aggeris
1032 1924 1220 1968 vastum
1257 1918 1464 1984 spatium
1504 1917 1583 1981 [et]
1627 1916 1741 1966 sub-

341 2007 637 2056 structiones
674 2006 871 2055 insanas
910 2006 1129 2072 Capitolii
1166 2007 1461 2056 mirabantur
1496 2005 1580 2057 rel.

383 2106 598 2147 I'artioula
630 2114 666 2146 el
696 2119 823 2161 quum
855 2110 1023 2160 praeter
1053 2106 1092 2146 R
1123 2107 1248 2147 etiam
1283 2106 1324 2146 in
1354 2105 1389 2146 Β
1420 2105 1638 2146 omittatur
1668 2117 1741 2144 ne-

277 2198 358 2240 que
388 2185 430 2225 in
461 2184 649 2225 ohiasmo
680 2185 922 2225 necessaria
953 2184 1158 2236 videatur,
1191 2184 1382 2225 deleatur
1412 2187 1588 2234 oportet.

504 2286 886 2335 105=ibidem.
934 2286 1021 2345 (de
1060 2284 1230 2335 cloaca
1267 2285 1519 2343 maxima).

341 2373 600 2423 Permeant
638 2373 862 2423 eorrivati
901 2378 1088 2436 septem
1127 2389 1296 2423 amnes
1334 2389 1422 2436 -3
1478 2371 1740 2437 aliquando

342 2461 528 2511 Tiberis
565 2467 692 2512 retro
732 2462 918 2511 infusus
955 2462 1185 2527 recipitur
1206 2467 1521 2527 pugnantque
1561 2459 1739 2509 diversi

342 2566 573 2614 aquarum
611 2550 821 2615 impetus
859 2551 1002 2599 intuS.

357 2649 403 2690 V.
439 2654 543 2690 inens
572 2663 680 2704 quae
713 2663 840 2689 sensu
871 2649 1041 2689 minime
1072 2648 1296 2704 requiritur
1337 2654 1463 2703 atque
1495 2661 1516 2688 e
1548 2646 1739 2701 proximo

276 2727 482 2767 vocabulo
520 2727 642 2767 facile
683 2727 815 2782 repeti
854 2727 1010 2781 potuit,
1060 2727 1158 2781 quia
1196 2739 1277 2767 non
1318 2725 1522 2780 reperitur
1562 2725 1602 2765 in
1643 2723 1677 2764 B
1717 2738 1742 2765 a

276 2805 397 2848 nobis
428 2818 593 2861 quoque
623 2804 858 2848 omittenda
888 2809 964 2846 est.
