1914 3237
212 615 292 657 128

311 151 393 192 100
920 147 1051 190 Liber
1082 148 1167 192 VI.

313 272 492 314 tandum
521 270 707 321 videtur,
736 276 784 312 ut
812 270 1024 312 Armuzia
1054 284 1170 328 quae
1199 271 1241 313 in
1265 271 1306 314 R
1323 271 1533 323 Armi-eia,
1562 272 1606 313 in
1623 271 1690 314 Td
1707 271 1792 314 Ar.

312 350 449 404 mysia
474 356 675 401 vocatur,
704 350 744 391 in
757 349 962 391 Armuzia
982 349 1056 392 vel
1075 350 1331 402 Harmozia,
1363 350 1420 393 cf.
1435 350 1789 393 Arrian.lnd.23.

315 434 358 468 et
383 425 497 467 infra
526 427 564 484 ὅ.
591 427 693 479 110,
725 428 797 470 ubi
825 428 1034 469 Armozei
1060 428 1195 483 vulgo
1225 430 1390 480 editur,
1419 429 1665 471 Harmazei
1690 430 1733 471 in
1764 429 1791 470 d

314 506 553 560 reperitur.

866 609 963 660 115
983 633 1034 656 =
1054 612 1135 674 26,
1157 612 1238 660 29.

382 707 540 772 Regio
577 707 642 756 ibi
680 708 917 759 maritima
954 712 1194 772 Cirib03
1231 727 1325 776 qua
1359 727 1478 759 vero
1517 710 1625 775 ipsa
1659 709 1792 757 subit

383 798 443 846 ad
480 798 656 846 Medos
693 805 772 846 rel.

429 897 562 938 Oram
580 890 775 941 Per'sidis
795 913 909 956 quae
930 913 1050 942 mare
1067 901 1244 942 rubrum
1262 900 1449 956 attingit,
1477 899 1676 941 oratione
1694 912 1793 954 pro-

318 973 387 1016 cul
420 976 549 1016 dubio
580 990 736 1018 manca
768 986 810 1020 et
840 979 1058 1021 lacunosa
1090 980 1303 1021 describit
1336 978 1514 1020 Plinius.
1583 978 1698 1026 Quid
1726 985 1793 1018 ta-

317 1066 415 1095 men
451 1054 601 1095 dicere
630 1056 845 1111 videatur,
876 1058 1106 1114 ingeniose
1138 1057 1390 1099 Harduinus
1419 1057 1659 1111 indagavit.
1719 1056 1793 1098 At-

317 1131 410 1173 tulit
445 1133 556 1174 enim
582 1133 742 1190 locum,
773 1150 858 1191 quo
876 1136 1112 1178 manifesto
1142 1136 1258 1178 hunc
1290 1137 1344 1178 de
1375 1151 1460 1192 quo
1488 1149 1606 1177 nunc
1634 1135 1793 1189 agitur,

318 1212 567 1266 respiciens
599 1212 762 1255 Plinius
793 1214 832 1270 ξ.
857 1215 949 1258 136.
981 1230 1138 1267 „oram
1161 1215 1353 1270 Syrtium
1384 1215 1484 1256 vice
1515 1216 1792 1256 inaccessam

321 1291 492 1331 coeno“
521 1304 572 1332 se
606 1292 771 1334 dixisse
806 1295 958 1345 tradit,
1001 1302 1133 1349 atque
1164 1294 1265 1334 inde
1295 1292 1490 1347 Syrtium
1519 1306 1679 1334 nomen
1711 1292 1794 1334 sub

320 1370 456 1410 verbo
475 1378 683 1424 corrupto
705 1370 851 1412 Cir-ibo
872 1372 1011 1414 latere
1035 1381 1166 1414 acute
1201 1381 1244 1413 et
1274 1385 1379 1412 vere
1409 1372 1615 1415 coniecit.
1651 1371 1795 1418 Quam

320 1459 426 1487 vero
461 1461 615 1489 vocem
648 1448 831 1499 effinxit,
861 1464 947 1505 qua
979 1465 1121 1493 coeno
1152 1452 1389 1492 inaccessa
1421 1464 1502 1493 ora
1530 1450 1795 1504 exprimere-

319 1533 390 1566 tur
417 1525 690 1581 Συρτίβωλος,
727 1541 780 1568 ea
814 1535 857 1569 et
886 1543 1070 1582 prorsus
1100 1543 1214 1570 nova
1246 1536 1314 1570 est
1346 1541 1402 1570 ac
1431 1529 1504 1570 vix
1525 1529 1702 1570 Graeca
1721 1541 1796 1582 ap-

320 1602 530 1658 pellanda
573 1612 616 1645 et
656 1605 821 1647 idcirco
871 1607 1057 1648 maxime
1106 1608 1412 1662 reprobanda,
1464 1608 1666 1662 quoniam
1707 1620 1795 1648 non

321 1683 589 1737 appellativo
622 1697 750 1738 quem
782 1692 946 1726 vocant
977 1699 1111 1727 sensu
1140 1686 1282 1742 σύρτις
1310 1700 1391 1741 pro
1413 1685 1508 1727 loco
1530 1698 1722 1726 arenoso
1751 1683 1795 1725 in

321 1763 430 1802 mari
461 1763 688 1815 usurpavit
719 1763 912 1817 Plinius,
955 1765 1036 1805 sed
1078 1765 1132 1806 de
1169 1765 1343 1807 nomine
1374 1765 1557 1819 proprio
1591 1763 1795 1818 Syrtibus

323 1852 373 1880 se
400 1837 595 1880 locutum
631 1854 734 1882 esse
775 1842 873 1896 ipsa
905 1856 1034 1897 quam
1067 1842 1213 1899 §.136
1250 1845 1433 1885 instituit
1463 1842 1795 1898 comparatione

325 1917 613 1962 demonstrat.
682 1919 796 1960 Nam
831 1920 873 1960 id
912 1935 998 1961 non
1030 1922 1212 1962 dixerim
1244 1923 1361 1977 quod
1393 1921 1588 1976 Silligius
1618 1920 1795 1971 obiecit,

324 1996 536 2037 Harduini
569 1998 869 2040 coniecturam
908 2013 934 2040 a
971 2000 1174 2041 codicum
1213 2001 1437 2054 scriptura
1467 2001 1640 2042 nimium
1672 2012 1796 2041 rece-

325 2075 459 2125 dere,
501 2089 633 2130 quum
672 2076 923 2119 Harduinus
964 2078 1128 2119 diserte
1166 2086 1353 2120 testatus
1392 2080 1468 2129 sit,
1510 2078 1552 2118 in
1585 2076 1796 2118 Parisinis

324 2153 547 2209 plerisque
578 2154 666 2210 legi
694 2153 939 2207 Ceribobus,
970 2170 1054 2211 quo
1087 2158 1270 2211 propius
1302 2157 1430 2198 etiam
1463 2156 1501 2197 ei
1533 2169 1661 2211 quam
1692 2169 1796 2210 pro-

326 2233 474 2287 posuit
512 2234 761 2287 scripturae
797 2235 1016 2276 accedunt
1052 2235 1147 2276 libri
1185 2242 1286 2276 ante
1317 2233 1597 2276 Hermolaum
1630 2234 1796 2275 Barba-

325 2324 420 2352 rum
453 2311 569 2364 editi,
599 2312 669 2366 qui
700 2311 864 2353 habent
893 2311 1130 2367 Cyribolus.
1191 2314 1360 2361 Quodsi
1391 2314 1522 2368 igitur
1537 2313 1795 2355 necessario

326 2399 479 2432 nostro
508 2391 609 2431 loco
640 2390 834 2445 Syrtium
864 2405 951 2432 non
986 2392 1167 2448 σύρτεως
1195 2393 1358 2433 mentio
1388 2392 1483 2433 fieri
1513 2392 1675 2444 debuit,
1708 2392 1795 2433 cir-

327 2469 658 2523 cumspicienda
690 2478 758 2511 est
797 2469 882 2511 alia
912 2471 1048 2520 ratio,
1088 2485 1175 2527 qua
1208 2478 1250 2513 et
1287 2485 1311 2512 e
1352 2470 1548 2524 vestigiis
1585 2471 1795 2512 librorum

326 2548 440 2589 Mss.
471 2561 625 2589 sanum
656 2562 813 2589 nomen
841 2550 1065 2603 proprium
1107 2550 1267 2591 evadat
1298 2557 1341 2591 et
1370 2558 1620 2592 structurae
1650 2561 1794 2603 gram-

326 2626 512 2667 maticae
544 2627 740 2668 satisfiat.
772 2627 927 2683 Neque
959 2637 1044 2669 tam
1073 2627 1263 2670 difficilis
1297 2636 1365 2669 est
1394 2629 1583 2669 inventu.
1621 2627 1793 2669 Tenen-

327 2704 427 2745 dum
460 2711 528 2746 est
556 2705 684 2755 enim,
715 2719 843 2760 quarn
873 2706 1004 2748 modo
1035 2707 1255 2750 attulimus
1285 2707 1469 2749 nominis
1484 2705 1680 2760 speciem
1713 2703 1792 2746 Ce-

326 2780 495 2823 ribobus
535 2781 604 2824 vel
643 2781 888 2838 Gyribolus,
940 2786 981 2826 in
1022 2786 1315 2828 deterioribus
1357 2793 1522 2828 tantum
1563 2783 1791 2826 codicibus
