1914 3237
720 171 851 213 Liber
880 172 981 213 XV.
1506 166 1584 207 187

182 297 325 362 cipue
361 315 423 346 ex
455 296 723 345 immaturis
760 295 1189 358 intelligimus,
1229 294 1355 341 sicut
1385 293 1448 341 de
1485 308 1583 340 om-

181 388 355 452 phacio
389 387 660 436 docuimus.

224 500 418 542 Verbum
459 499 733 556 intelligimus
763 500 957 553 ineptum
990 505 1080 551 est,
1115 511 1215 539 nam
1248 496 1392 538 oleum
1430 509 1585 538 sucum

113 593 216 620 esse
243 577 385 620 olivae
418 578 598 618 maturis
632 578 798 632 pariter
827 577 950 618 bacis
982 584 1113 631 atque
1145 575 1411 623 immaturis,
1455 588 1586 629 quum

111 666 384 713 premuntur,
407 655 672 710 intelligitur,
705 655 1036 710 orationemque
1061 667 1259 695 mancam
1278 654 1422 695 reddit
1441 660 1484 694 et
1513 653 1586 693 im-

112 735 375 790 perfectam,
406 750 535 790 quum
568 735 839 789 praepositio
869 747 925 773 ex
952 732 1068 773 aliud
1102 731 1306 786 postulet.
1348 731 1412 773 Eo
1443 738 1586 772 autem

112 815 213 856 loco
233 815 288 855 ad
308 828 436 870 quem
463 813 676 854 lectorem
704 812 841 854 refert
864 811 1041 862 Plinius,
1072 810 1282 865 X11,130,
1309 810 1588 865 omphacium

113 893 214 935 alba
245 894 344 935 olea
376 902 418 934 et
446 895 617 948 druppa
649 893 832 948 exprimi
863 893 1062 946 traditur,
1094 899 1138 932 ut
1162 890 1586 945 praestantissinulm

114 972 256 1015 oleum
292 988 316 1014 e
346 973 485 1013 cruda
515 972 628 1013 oliva
661 972 885 1026 profluere
916 985 1052 1025 supra
1085 970 1181 1027 §.5
1214 976 1432 1010 narratur.
1468 967 1586 1009 Scri·

113 1053 304 1094 bendum
335 1060 402 1092 est
432 1052 584 1104 igitur:

687 1105 1003 1162 colligimus,

114 1184 285 1242 syllaba
316 1186 362 1226 in
395 1198 418 1226 e
441 1186 640 1239 proximo
664 1185 880 1226 vocabulo
913 1185 1157 1224 inmaturis
1186 1182 1491 1236 intempestive
1523 1196 1588 1223 re-

115 1265 252 1319 petita
283 1271 551 1318 corruptum.

678 1391 731 1436 ll
767 1414 808 1432 =
830 1389 1022 1437 ibidem.
1615 1409 1699 1450 245

182 1481 375 1530 omnino
402 1481 545 1541 enim,
579 1487 631 1528 ut
650 1479 996 1544 Theophrasto
1016 1480 1191 1543 placet,
1230 1486 1287 1527 et
1323 1479 1418 1527 olei
1443 1493 1590 1527 causa

184 1574 417 1633 calores,
456 1589 606 1636 quare
643 1577 725 1618 rel.

229 1686 380 1726 Talem
423 1685 619 1739 Silligius
662 1685 808 1726 locum
854 1684 1048 1725 exhibuit
1083 1692 1213 1725 antea
1258 1669 1316 1725 ita
1360 1685 1590 1738 scriptum:

116 1771 179 1805 cst
199 1764 282 1805 olei
300 1778 432 1804 causa
455 1763 584 1804 calor.
628 1763 820 1804 Codices
840 1772 983 1803 autem
1008 1762 1089 1804 has
1107 1762 1319 1804 lectiones
1338 1763 1523 1803 habent:
1551 1768 1593 1801 et

116 1843 200 1893 aD,
230 1844 357 1884 deest
385 1843 426 1883 in
458 1842 538 1895 Td,
570 1841 688 1882 calor
717 1854 757 1891 a,
789 1840 952 1881 calores
984 1840 1035 1894 D,
1065 1840 1185 1881 calor
1213 1847 1277 1881 est
1306 1840 1384 1883 Td.
1424 1840 1479 1881 Et
1501 1841 1593 1881 sin-

117 1922 258 1977 gulari
288 1922 460 1976 quidem
494 1919 832 1974 Theophrastus
862 1919 995 1960 utitur
1026 1919 1091 1961 De
1122 1933 1245 1962 caus.
1261 1919 1394 1974 plant.
1422 1920 1451 1961 l.
1472 1918 1539 1960 19.
1554 1920 1593 1960 4.

119 2001 310 2056 φαίνεται
355 1995 507 2052 οὖν-ἡ
549 2001 622 2042 τοῦ
663 2002 827 2055 4529,qu
865 1999 994 2054 φύσις
1041 2004 1314 2056 δημιουργεῖν
1354 2000 1398 2042 τὸ
1439 1996 1592 2042 ἔλαιον.

120 2082 270 2137 ltaque
302 2081 419 2134 apud
453 2079 631 2121 Plinium
662 2081 961 2121 restituendus
991 2088 1059 2121 est
1092 2079 1236 2121 deleta
1268 2078 1455 2120 molesta
1482 2091 1594 2119 voce

119 2165 173 2211 et,
202 2173 345 2214 quam,
375 2159 411 2199 si
444 2160 485 2200 in
519 2159 720 2199 omnibus
752 2157 872 2198 libris
902 2158 1192 2211 reperiretur,
1224 2156 1452 2198 ferendam
1483 2169 1595 2197 sane

120 2239 430 2289 concederem,
460 2251 576 2277 nunc
608 2237 648 2277 in
681 2237 943 2290 quibusdam
976 2249 1029 2276 ex
1063 2235 1213 2276 ultima
1247 2236 1433 2290 proximi
1463 2248 1595 2276 voca-

121 2317 210 2358 buli
246 2315 387 2372 placet
428 2315 601 2371 syllaba
641 2316 870 2370 repetitam
911 2329 1014 2357 esse
1061 2316 1296 2358 contendo.
1365 2315 1595 2357 Scribatur

121 2397 250 2452 igitur
282 2403 486 2450 oportet:

464 2473 617 2529 placet,
645 2472 727 2513 olei
752 2487 886 2513 causa
915 2472 1035 2514 calor
1062 2479 1139 2513 est
1170 2472 1248 2515 rel.

232 2576 360 2632 §.12
398 2573 576 2628 vulgata
606 2581 646 2614 et
686 2575 917 2629 probanda
958 2575 1153 2626 videtur,
1195 2576 1297 2616 item
1328 2574 1367 2630 ξ.
1396 2574 1466 2615 55.
1506 2589 1596 2614 esse

122 2654 235 2696 falso
258 2668 285 2695 a
305 2654 474 2707 Silligio
492 2655 716 2708 insertum,
744 2656 784 2711 ξ.
802 2654 870 2695 69.
900 2663 1021 2696 recte
1053 2655 1169 2696 haud
1202 2655 1330 2696 dubie
1359 2654 1594 2695 Dalecam-

122 2735 221 2790 pius
252 2749 332 2788 pro
365 2733 679 2774 callistruthiae
706 2749 863 2789 parum
902 2734 1004 2789 legit
1033 2733 1347 2775 callistruthiae
1375 2733 1495 2773 hamt
1521 2748 1595 2788 pa-

125 2827 238 2861 rum,
272 2812 330 2854 cf.
349 2812 597 2854 Atheu.ll1.
619 2827 655 2866 p.
678 2813 742 2853 75.
772 2828 808 2853 e.
878 2813 1057 2854 Litteris
1087 2813 1200 2854 enim
1231 2812 1330 2853 hiae
1359 2827 1445 2854 vox
1477 2812 1596 2852 haud

125 2892 336 2944 absorpta
372 2890 464 2931 suit.
