1914 3237
292 154 345 197 64
873 159 990 197 liber
1018 160 1181 199 XVIII.

359 283 618 348 prehendi,
672 291 721 334 ut
758 287 819 336 ob
868 287 914 335 id
954 286 1249 351 petulantiae
1287 287 1416 336 sales
1470 289 1612 338 etiam
1650 304 1756 338 cuin

358 372 510 435 primo
553 388 665 422 vere
704 374 953 426 ludantur:
990 375 1206 439 auspicio
1242 380 1400 424 tamen
1441 375 1756 425 detestabiles

360 460 600 509 videntur.

402 557 679 614 Nequaquam
720 561 908 616 intelligo
950 575 1023 601 cur
1064 561 1254 602 codicum
1286 561 1408 602 lectio
1458 562 1584 602 etiam
1616 575 1640 601 a
1670 561 1758 603 sill.

296 641 337 675 et
368 636 468 675 Iano
500 644 643 690 spreta
674 637 746 689 sit,
796 651 976 693 namque
1017 638 1140 689 ‚sales
1171 638 1241 693 qui
1274 639 1492 688 luduntur-⁴
1532 639 1631 680 mihi
1671 640 1759 694 qui-

296 712 390 752 detn
423 718 642 767 tantopere
673 713 895 767 displicent
937 720 981 755 ut
1006 716 1039 755 si
1071 715 1272 769 scriptum
1303 716 1343 755 in
1376 715 1591 757 codicibus
1623 730 1759 770 reper-

297 790 410 840 irem,
443 790 494 830 de
518 791 760 831 coniectura
779 793 1021 846 cogitarem.
1053 793 1110 832 At
1145 791 1246 832 nihil
1271 792 1351 832 tale
1382 793 1423 832 in
1445 793 1659 834 codicibus
1687 808 1759 834 ex-

296 875 397 908 stat:
430 867 483 907 ad
507 881 633 908 ullum
658 881 804 908 omnes
828 873 1057 919 laudantur,
1090 875 1216 924 atque
1247 879 1282 910 e!
1313 874 1361 911 ob
1394 874 1436 911 id
1466 885 1611 912 omnes
1643 885 1762 927 prae-

296 952 358 985 ter
386 946 410 986 d
444 946 667 999 praebent:
700 947 826 1002 idque
846 948 1076 988 verissime.
1109 946 1256 988 Omnis
1288 949 1398 988 enim
1429 949 1539 990 vitae
1569 950 1688 1004 lepos
1720 955 1760 992 et

296 1036 459 1064 summa
520 1023 707 1066 hilaritas
767 1025 1041 1079 laborumque
1099 1025 1264 1080 requies
1325 1025 1434 1066 sales
1493 1027 1762 1082 appellantur

298 1101 604 1156 (XXX1.88);
635 1103 776 1158 itaque
806 1104 957 1144 mirum
978 1108 1141 1144 nonest
1173 1116 1244 1144 eos
1276 1104 1416 1144 statim
1449 1119 1472 1145 a
1501 1091 1632 1160 primo
1664 1120 1761 1147 vero

297 1180 471 1232 laudari,
502 1194 595 1221 cum
627 1182 874 1236 praesertim
906 1181 1153 1222 industriam
1183 1181 1527 1238 diligentiamque
1559 1184 1761 1238 agricola-

297 1273 387 1299 rum
419 1259 642 1313 opprobrio
672 1260 820 1300 merito
853 1260 1049 1312 excitent,
1083 1273 1163 1314 quo
1199 1259 1268 1314 qui
1300 1260 1408 1301 iusto
1440 1261 1600 1302 tardius
1632 1275 1762 1316 opera

297 1337 455 1378 faciunt
503 1338 780 1378 cumulantur.
841 1337 1018 1379 Accedit
1048 1336 1159 1391 quod
1199 1337 1258 1378 sic
1291 1343 1453 1378 tantum
1493 1339 1762 1380 adversativa

298 1415 502 1470 particula
533 1416 573 1456 in
616 1416 806 1470 proximo
853 1429 977 1456 sensu
1009 1416 1147 1455 locum
1188 1414 1328 1456 habet.
1389 1415 1535 1458 Cuculi
1574 1417 1683 1457 enini
1722 1419 1762 1458 in

297 1507 340 1532 re
384 1494 546 1534 rustica
586 1493 844 1547 laudabiles,
872 1547 876 1551 ,
902 1495 949 1535 iu
984 1494 1180 1545 auspiciis
1235 1492 1509 1534 detestabiles
1556 1495 1762 1536 videntur.

300 1573 511 1614 Restituta
540 1573 667 1628 igitur
698 1572 889 1613 codicum
921 1572 1126 1626 scriptura
1155 1570 1359 1626 legimus:

354 1661 388 1692 el
420 1656 467 1692 ob
498 1656 540 1693 id
565 1660 643 1703 pet.
674 1655 746 1692 sal.
781 1655 893 1691 etiam
925 1663 956 1691 c.
983 1664 1047 1702 pr.
1080 1663 1110 1690 v.
1145 1653 1372 1691 laudantur.

188 1799 271 1844 370
841 1776 937 1822 258
972 1783 1014 1801 Ξ
1051 1774 1212 1834 28‚67.

366 1863 508 1913 Prata
543 1889 607 1899 ·-
642 1859 942 1924 —relinqui
997 1860 1179 1908 debent
1233 1860 1279 1908 in
1342 1859 1469 1910 laeto
1524 1859 1631 1910 solo
1687 1860 1764 1909 vel

365 1952 528 2002 umido
579 1950 656 2000 vel
703 1950 871 2014 riguo,
924 1962 1078 2012 eaque
1127 1962 1253 2010 aqua
1289 1947 1454 2012 pluvia
1510 1950 1651 2013 rigari
1691 1950 1766 1997 via

366 2040 574 2106 publica.

411 2141 491 2182 Via
521 2139 688 2195 publica
719 2151 870 2193 aquam
900 2137 1083 2192 pluviam
1115 2149 1198 2177 non
1227 2136 1287 2177 uti
1319 2140 1505 2189 constat,
1546 2150 1682 2191 neque
1715 2150 1763 2176 ea

302 2222 393 2261 sola
424 2224 543 2274 prata
572 2218 713 2272 rigari,
745 2217 887 2270 itaque
919 2215 1096 2255 alterum
1128 2228 1262 2269 genus
1295 2227 1428 2268 aquae
1454 2213 1609 2254 ultimis
1641 2228 1766 2254 voca-

304 2298 409 2339 bulis
441 2295 621 2337 describi
664 2299 997 2335 consentaneum
1036 2298 1110 2335 est.
1168 2293 1257 2332 Iam
1290 2304 1388 2332 vero
1427 2298 1548 2345 prata
1586 2299 1657 2332 aut
1689 2294 1765 2332 sic-

302 2389 434 2416 canea
465 2379 536 2414 aut
560 2374 680 2428 rigua
711 2385 805 2413 esse
825 2370 1060 2412 Columella
1091 2369 1234 2411 docuit
1263 2370 1312 2409 II.
1345 2370 1407 2421 17,
1439 2368 1490 2409 cf.
1507 2368 1613 2409 Cato
1645 2382 1706 2424 cp.
1728 2372 1767 2411 ὃ.

307 2456 359 2495 Et
390 2454 586 2494 siccanea
624 2451 793 2506 quidem
831 2449 986 2490 idcirco
1027 2440 1314 2504 appellantur,
1366 2446 1562 2501 quoniam
1600 2452 1768 2501 praeter

306 2532 487 2587 pluviam
526 2529 639 2570 nulla
679 2542 787 2584 aqua
827 2542 932 2584 opus
970 2527 1149 2578 habent,
1195 2526 1317 2580 rigua
1360 2529 1500 2565 autem
1546 2525 1767 2565 influentes

307 2610 415 2650 rivos
471 2607 724 2647 desiderant.
798 2606 876 2647 Illa
927 2605 1086 2646 Plinius
1145 2604 1184 2643 in
1244 2601 1386 2643 umido
1444 2602 1531 2642 solo
1591 2602 1769 2643 collocat

308 2690 331 2729 i.
363 2702 398 2728 e.
433 2689 470 2727 in
503 2699 676 2736 sucoso,
742 2684 845 2725 haec
875 2685 917 2724 in
948 2686 1087 2737 riguo,
1128 2681 1197 2721 ubi
1228 2680 1368 2722 fenum
1400 2680 1615 2734 irrigatum
1649 2682 1767 2735 aquis

307 2765 515 2812 eliciatur:
550 2764 748 2816 sequitur,
773 2769 818 2802 ut
849 2761 901 2801 ad
935 2761 1048 2815 prius
1081 2773 1216 2814 genus
1248 2772 1358 2812 aqua
1390 2757 1526 2811 pluvia
1552 2757 1767 2811 referatur,
