1914 3237
301 139 358 181 54
914 136 1045 181 Liber
1071 138 1160 181 IV.

303 260 569 317 pertinuisse
612 261 833 315 putandus
873 269 954 303 est.
1028 262 1274 303 Praeterea
1311 275 1448 317 supra
1485 276 1510 305 e
1548 264 1674 308 codd.
1712 264 1773 307 le·

303 341 492 396 gendum
515 347 584 382 est
597 338 810 383 Pharsali.
846 340 1056 384 Similiter
1083 339 1197 399 §.35
1228 339 1424 384 fortasse
1452 341 1785 407 ΗῃρὲἙΙιοηεςι
1808 364 1822 378 ³·

304 418 770 473 §.37.1›azaec1.0r2·am.
796 420 833 471 ς.
843 420 912 461 44.
923 420 1076 462 vossii
1092 419 1394 462 coniecturam
1410 419 1602 464 cerastis
1616 423 1773 478 probo,

303 499 341 552 §.
357 497 425 540 46.
456 497 669 541 Harduini
696 497 943 550 sosthenes,
975 498 1092 555 §.45
1123 511 1147 539 e
1179 499 1277 540 eod.
1305 499 1358 541 A.
1387 499 1525 541 Iuras
1554 501 1774 556 recipien-

305 576 406 619 dum
437 584 516 619 est.
583 578 621 632 §.
647 577 714 619 42.
747 577 956 620 Osannus
985 578 1028 618 in
1059 576 1389 619 Schneidewini
1421 577 1654 635 Philologo
1684 579 1777 622 Vll.

303 670 344 710 p.
360 655 454 698 393.
486 655 773 711 probabiliter
803 657 991 699 coniecit
1019 657 1196 697 Ismara
1227 671 1324 698 cum
1354 657 1469 701 lacu.

873 779 933 828 31
957 806 1002 824 Ξ
1024 779 1220 828 ibidem.

371 893 429 940 In
463 909 521 941 eo
559 911 708 942 cursu
748 894 939 956 Tempe
974 893 1226 941 vocant'...
1269 893 1399 940 ultra
1432 890 1590 940 visum
1625 892 1777 942 homi-

369 981 444 1029 nis
481 983 811 1031 attollentibus
847 1001 980 1032 se...
1023 984 1176 1050 iugis,
1214 983 1344 1032 intus
1385 999 1475 1030 sua
1518 982 1629 1030 luce
1664 983 1776 1031 viri-

370 1071 532 1121 dante.
602 1073 716 1121 Hac
746 1074 924 1125 labitur
942 1076 1145 1138 Penius,
1181 1074 1350 1125 viridis
1380 1073 1581 1134 calculo,
1617 1089 1777 1122 amoe-

370 1177 462 1210 nus
501 1162 633 1211 circa
662 1164 794 1230 ripas
829 1167 1063 1230 gramine,
1094 1182 1302 1215 canorus
1334 1163 1494 1212 avium
1524 1170 1683 1211 cantu.

414 1285 463 1325 In
505 1287 820 1330 amoenissima
859 1289 1134 1331 clarissimae
1164 1288 1293 1330 vallis
1325 1285 1625 1339 descriptione
1662 1299 1776 1342 quae

300 1366 403 1403 'eum
433 1363 608 1405 Aeliani
638 1354 842 1408 laudibus
871 1368 976 1410 Var.
998 1369 1107 1411 Hist.
1126 1369 1194 1409 ΙΙΙ.
1215 1368 1251 1408 l.
1282 1365 1445 1420 optime
1475 1371 1775 1418 comparatur,

303 1442 407 1497 quid
436 1442 493 1484 sit
516 1457 597 1483 sua
615 1443 710 1485 luce
728 1446 948 1488 viridante
977 1446 1123 1489 fateor
1139 1461 1206 1489 me
1228 1460 1316 1488 non
1333 1441 1589 1497 intelligere.
1621 1442 1776 1485 Paullo

301 1521 458 1562 melius
473 1521 725 1564 Harduinus
742 1531 906 1577 puncto
937 1534 1041 1581 post
1069 1527 1178 1583 iuqis
1208 1524 1352 1580 posito
1382 1522 1775 1576 scripsitIntus—

303 1599 511 1640 allabitur
538 1600 700 1641 Penius
737 1616 852 1657 quae
888 1602 1020 1645 lectio
1051 1605 1181 1645 codd.
1214 1604 1296 1645 RS
1329 1601 1624 1644 confirmatur.
1681 1602 1778 1656 Ap-

303 1677 524 1733 pellantur
549 1680 662 1722 enim
684 1681 851 1737 Tempe
881 1682 1035 1736 „viridi
1055 1682 1246 1724 lucentia
1269 1681 1421 1723 fumo“
1451 1692 1477 1719 a
1495 1679 1597 1720 Val.
1613 1678 1776 1721 Flacco

304 1756 532 1802 V111.45·2.
565 1767 749 1815 propter
787 1760 934 1803 fumos
974 1769 1129 1802 tenues
1173 1761 1246 1816 qui
1289 1759 1435 1801 veloci
1466 1758 1606 1800 amnis
1644 1773 1776 1801 cursu

304 1837 569 1885 excitantur,
594 1838 652 1880 cf.
673 1840 798 1881 Ovid.
817 1840 996 1881 Metam.
1014 1840 1043 1881 l.
1060 1839 1156 1880 571.
1215 1839 1370 1892 Neque
1392 1844 1537 1878 tamen
1566 1852 1647 1877 sua
1676 1838 1776 1880 luce

303 1916 495 1958 viridare
525 1931 670 1972 neque
698 1918 800 1960 luce
832 1918 960 1960 allabi
979 1919 1118 1974 potuit
1138 1918 1328 1970 Peneus,
1356 1929 1499 1970 neque
1533 1923 1577 1957 et
1605 1916 1704 1958 luce
1733 1925 1777 1958 et

304 1995 476 2037 calculo
494 1997 647 2038 viridis
668 1997 897 2054 eleganter
918 1996 1153 2052 appellari,
1181 2010 1266 2037 nec
1288 1994 1628 2048 denique'allabi
1647 2010 1777 2051 quum

302 2074 571 2129 perlabatur.
592 2076 733 2119 Recte
751 2078 880 2132 igitur
898 2076 1102 2131 asilligio
1125 2089 1148 2116 e
1166 2074 1415 2116 codd.AT(l
1437 2081 1666 2128 receptum
1685 2082 1775 2116 est:

302 2153 406 2194 Ilac
427 2153 601 2195 labitur.
645 2156 754 2197 Tum
769 2170 877 2198 vero
897 2169 1011 2211 quae
1038 2154 1166 2195 modo
1195 2154 1320 2194 attuli
1350 2153 1488 2194 verba
1515 2154 1775 2194 necessario

303 2247 385 2287 pro
421 2236 643 2288 corruptis
673 2243 775 2276 sunt
810 2234 1031 2276 habenda.
1091 2234 1237 2288 Atque
1269 2231 1621 2285 ingeniosissime
1653 2231 1777 2271 intel-

302 2310 408 2352 lexit
430 2311 676 2354 Salmasius
694 2314 903 2355 Exci-citt.
920 2328 962 2367 p.
978 2311 1071 2356 153.
1090 2325 1128 2353 a.
1155 2326 1241 2353 non
1273 2312 1326 2352 de
1357 2310 1472 2364 luce,
1502 2310 1581 2350 sed
1604 2310 1658 2350 de
1677 2309 1775 2351 luco

303 2390 518 2432 viridante
550 2405 801 2433 sermonem
833 2405 951 2444 esse,
982 2391 1099 2445 quod
1131 2403 1306 2431 sacrum
1326 2403 1480 2430 nemus
1502 2401 1527 2428 a
1546 2388 1775 2429 Mela11.3.

304 2469 572 2523 appellatum
603 2471 658 2511 ab
691 2471 892 2511 omnibus
922 2469 1017 2510 fere
1048 2468 1338 2522 scriptoribus
1382 2467 1453 2522 qui
1482 2467 1523 2507 in
1556 2467 1776 2508 laudanda

303 2547 421 2588 valle
454 2547 754 2602 luxuriantur,
797 2549 909 2590 inter
940 2547 1183 2602 praecipua
1215 2547 1379 2587 decora
1411 2553 1777 2586 commemoratur

305 2632 349 2667 et
367 2639 393 2666 a
413 2626 534 2667 Plinii
565 2627 864 2681 descriptione
892 2628 1056 2668 abesse
1085 2626 1159 2668 vix
1181 2626 1332 2680 potuit.
1362 2625 1472 2665 Nam
1492 2637 1621 2678 quam
1640 2637 1777 2665 sensu

304 2705 507 2760 proximo
547 2706 769 2748 anteriore
800 2718 1082 2747 nemorosam
1116 2704 1362 2746 convallem
1397 2708 1553 2752 vocat,
1591 2715 1680 2744 non
1710 2709 1778 2744 est

305 2798 486 2828 sacrum
512 2784 618 2828 illud
648 2797 804 2826 nemus
833 2797 859 2825 a
880 2784 1026 2839 poetis
1058 2782 1354 2835 celebratum,
1383 2781 1466 2823 sed
1494 2779 1669 2836 longius
1697 2794 1778 2837 per

1865 323 1896 350 Π

1905 439 1914 659 ς
