1914 3237
274 139 356 183 220
854 143 971 184 Liber
994 142 1038 182 X
1038 144 1126 185 XX
1124 144 1149 184 I
1155 143 1196 185 V.

166 277 247 319 759
813 276 903 323 165
938 290 992 309 =
1027 274 1222 323 ibidem.

340 359 505 423 vNuper
549 361 597 408 id
651 365 948 425 compertum
1009 359 1229 421 (metalla
1266 360 1498 410 derelicta
1536 359 1738 408 fertilius

342 448 666 502 revirescere)
712 449 757 496 in
796 448 992 498 Baetica
1028 449 1323 499 Samariensi
1359 446 1567 505 metallo,
1605 447 1736 511 quod

343 534 489 584 locari
517 535 709 584 solitum
740 537 870 587 XCC
909 538 1094 595 annuis,
1133 542 1391 602 postquam
1413 534 1738 586 oblitteratum

343 630 456 679 erat,
499 616 725 674 XCCLV
773 625 983 674 locatum
1020 630 1115 685 est;
1169 624 1309 673 simili
1346 624 1492 672 modo
1533 624 1739 673 Antoni-

342 727 483 760 anum
523 714 566 760 in
605 713 777 761 eadem
829 713 1078 776 provincia
1120 729 1147 761 a
1185 711 1282 776 pari
1333 710 1576 760 locatione
1632 726 1739 775 per-

344 801 473 848 venit
515 801 574 847 ad
632 799 727 849 HS.
774 793 926 850 CCCC
968 799 1236 862 vectigalis.

386 887 454 927 Sic
485 895 598 928 reete
638 887 832 928 scribitur
862 889 977 928 loeus
1008 888 1158 942 partim
1192 887 1459 928 a-Gronovio
1506 887 1656 942 partim
1686 886 1738 927 ab

277 964 403 1030 Iano,
450 966 519 1020 qui
549 979 702 1006 nomen
732 966 880 1020 prioris
912 966 1071 1006 metalli
1101 980 1123 1006 e
1154 965 1189 1006 B
1220 966 1423 1014 restituit,
1477 963 1739 1015 emendatus,

277 1044 343 1084 eui
374 1057 453 1098 ego
483 1056 658 1098 parvum
689 1043 857 1098 aliquod
904 1044 975 1083 sed
1009 1043 1288 1083 certissimum
1312 1042 1478 1095 addidi;
1526 1041 1739 1096 praeposi-

278 1122 433 1162 tionem
477 1121 587 1161 enim
619 1135 642 1160 a
675 1120 772 1161 addi
823 1121 1020 1162 debuisse
1060 1121 1374 1175 comparatione
1420 1119 1597 1161 efficitur
1635 1120 1741 1159 inter

276 1200 458 1254 priorem
477 1199 649 1240 alterius
665 1199 822 1240 metalli
842 1198 1093 1240 locationem
1116 1211 1294 1254 eamque
1319 1211 1426 1253 quae
1448 1197 1570 1237 Plinii
1601 1200 1740 1237 aetate

276 1277 389 1318 faeta
412 1282 488 1318 est.

166 1358 247 1402 760
632 1369 720 1416 167
745 1369 980 1425 =1s,50.
1024 1366 1111 1426 (de
1148 1365 1374 1430 plumbo)

338 1455 572 1519 Coquitur
615 1483 665 1490 —-
701 1454 876 1519 patinis
915 1453 1162 1511 fictilibus,
1218 1453 1463 1502 substrato
1506 1450 1740 1516 sulphure

341 1543 538 1601 minutO,
575 1542 747 1591 lamnis
783 1543 1022 1607 impositis
1058 1541 1285 1590 tenuibus
1323 1540 1605 1605 opertisque
1643 1537 1742 1587 sul-

342 1631 494 1695 phure
531 1636 578 1679 et
614 1631 740 1680 ferro
780 1630 953 1679 mixtis.
994 1630 1127 1695 [Cum
1167 1633 1441 1694 coquatur),
1479 1626 1742 1675 munienda

342 1719 386 1766 in
427 1734 484 1768 eo
524 1733 672 1783 opere
724 1718 958 1767 foramina
995 1718 1192 1783 spiritus
1246 1715 1507 1775 convenit3
1561 1713 1741 1778 alioqui

341 1806 523 1870 plumbi
584 1806 883 1871 {fornacium
947 1805 1125 1854 halitus
1196 1804 1372 1854 noxius
1424 1802 1628 1852 sentitur
1696 1807 1742 1850 et

342 1894 576 1959 pestilens
614 1900 660 1942 et
697 1894 897 1943 canibus
935 1893 1190 1951 ocissime,
1239 1892 1450 1941 omnium
1490 1905 1605 1940 vero
1643 1905 1743 1938 me-

339 1981 562 2031 tallorum
599 1982 781 2030 muscis
817 1987 863 2030 et
901 1981 1152 2030 culicibus,

385 2071 526 2111 Verba
559 2084 665 2122 ,euin
698 2071 914 2123 eoquatur‘
946 2073 1018 2109 aut
1048 2082 1141 2109 eum
1166 2066 1517 2123 praecedentibus
1542 2065 1740 2119 coniungi

277 2154 454 2204 oportet,
483 2154 538 2195 ut,
574 2148 672 2188 dum
704 2152 908 2202 coquatur
938 2146 1168 2201 plumbum,
1200 2146 1310 2186 ferro
1335 2143 1590 2185 versandum
1624 2142 1672 2197 (i.
1705 2156 1741 2183 e.

277 2227 464 2278 ,mixtis‘)
498 2239 591 2266 esse
622 2226 925 2280 praecipiatur,
964 2229 1037 2265 aut
1067 2223 1178 2278 quod
1209 2223 1351 2264 malini
1396 2222 1525 2262 deleri
1557 2222 1742 2275 glossam

276 2304 517 2345 verborum:
551 2304 604 2355 ,in
631 2317 680 2344 eo
699 2305 840 2358 opere‘
871 2303 1049 2358 margini
1077 2301 1345 2356 adscriptam.
1381 2299 1543 2340 Deinde
1574 2299 1616 2339 in
1647 2311 1741 2353 pro-

275 2384 387 2423 ximo
420 2396 547 2422 sensu
578 2381 677 2437 quid
709 2386 853 2422 essent
883 2381 1104 2432 ,foramina
1134 2379 1317 2434 spiritus‘
1349 2378 1567 2432 ignorasse
1599 2376 1742 2417 viden-

278 2471 343 2500 tur
384 2460 554 2500 librarii.
612 2459 667 2500 Et
725 2464 822 2500 sunt
881 2472 956 2499 eae
988 2457 1156 2512 quidem
1188 2470 1338 2508 nareS,
1394 2469 1490 2496 nam
1539 2453 1743 2509 ἅναιροῢ,

278 2537 548 2579 Dioscorides
581 2539 637 2578 ait
659 2524 717 2578 V.
751 2537 804 2580 96
848 2536 1069 2584 σκεπάσας
1107 2535 1207 2583 τοὺς
1251 2531 1486 2589 ῥώθωνας,
1533 2544 1740 2587 granima-

277 2617 382 2659 tieus
416 2622 554 2656 autem
604 2616 671 2656 ille
704 2616 772 2670 qui
803 2615 925 2655 Plinii
958 2614 1085 2654 libros
1131 2612 1299 2653 saeculo
1339 2617 1486 2665 quarto
1533 2622 1577 2650 ut
1607 2608 1742 2663 potuit

277 2694 517 2736 emendavit
544 2696 772 2740 loruaciwn
816 2693 857 2732 in
888 2692 1078 2746 margine
1114 2690 1395 2745 explicuerat,
1440 2700 1565 2741 quam
1599 2699 1741 2727 vocem

279 2782 426 2828 postea
456 2771 563 2812 male
594 2771 635 2811 in
667 2770 882 2825 scriptoris
914 2769 1146 2811 orationem
1178 2767 1397 2820 irrepsisse
1427 2775 1615 2820 apparet..
1660 2763 1741 2804 Ne-

278 2864 358 2909 que
390 2850 499 2891 enim
531 2848 763 2890 fornacium
795 2847 870 2888 sed
901 2847 1032 2902 ipsius
1058 2845 1218 2887 metalli
1247 2844 1421 2885 halitum
1446 2843 1616 2884 noxium
1648 2855 1742 2882 esse
