1914 3237
239 139 322 184 254
784 143 901 197 liber
924 143 1149 196 XXXVII.

18 304 211 348 864—--70
306 269 622 320 Chelidoniae
650 270 853 319 duorum
874 276 986 320 sunt
1016 287 1250 336 generum
1275 273 1584 322 hirundinum
1621 289 1705 323 co-

305 357 422 415 lore,
460 374 521 406 ex
557 357 709 406 altera
747 363 879 423 parte
917 375 1158 424 purpurea
1197 367 1238 409 el
1282 360 1374 409 alia
1410 361 1454 409 in
1496 377 1702 426 purpura

305 446 454 510 nigris
490 445 912 511 interpellantibus
949 447 1166 498 maculis.

347 556 512 598 Scribe:
545 561 626 598 alia
651 572 811 609 pzerpm·
823 573 847 598 α
859 572 893 598 m
924 573 959 598 η.
993 563 1014 599 i.
1048 575 1096 599 m.
1156 560 1190 612 ξ.
1227 561 1303 603 156
1333 560 1373 600 in
1404 559 1439 600 B
1470 560 1704 601 rectissime

234 634 428 675 scribitur
447 636 763 688 Cetionides,
794 636 892 677 item
910 636 951 676 in
969 635 1120 689 indice,
1149 637 1219 678 ubi
1238 637 1364 678 etiam
1384 650 1408 678 a
1426 638 1648 690 consentit,
1679 651 1703 678 a

233 711 355 754 Cetio
386 713 557 754 flumine
588 713 700 769 quod
732 727 814 755 non
841 715 985 769 procul
1010 714 1062 755 ab
1082 715 1270 756 Atarneo
1299 729 1430 771 prope
1446 715 1700 771 Pergamum

232 790 432 846 oppidum
481 790 608 832 Caico
655 792 856 833 miscetur
905 792 979 843 (cf.
1020 792 1171 834 Strabo
1211 792 1330 834 XIII.
1377 808 1415 849 p.
1447 793 1548 847 616,
1594 794 1700 834 Plin.

235 868 282 910 V.
315 868 418 924 126)
453 869 712 924 appellatae,
757 871 790 924 ξ.
831 870 903 913 159
935 874 1070 912 cordis
1098 875 1228 922 specie
1252 885 1345 912 cum
1378 871 1411 911 B
1442 872 1525 926 legi
1559 871 1699 924 debet,

232 947 269 1000 ξ.
291 946 371 990 160
393 960 446 987 ex
477 946 626 988 eodem
657 947 803 989 codice
838 952 1037 990 Eumitren
1069 957 1110 990 ut
1140 951 1224 990 Beli
1251 963 1440 1000 {semmam
1468 953 1705 991 sanclis-rimi

231 1027 393 1066 deorum
423 1028 580 1078 Assyrii
606 1028 836 1080 observant,
867 1026 1074 1081 particula
1103 1029 1176 1080 ,ut‘
1207 1031 1306 1069 ante
1339 1042 1505 1070 versum
1530 1026 1700 1068 XXVII

230 1102 464 1144 litterarum
477 1105 748 1159 transposita,
766 1105 864 1146 item
884 1105 920 1159 ἓ.
937 1105 1017 1148 ’162
1031 1109 1258 1158 synechitim
1273 1106 1385 1161 quod
1397 1119 1550 1147 nomen
1563 1105 1702 1146 indice

230 1182 501 1224 confirmatur
517 1194 541 1222 a
559 1181 685 1222 verbo
704 1185 901 1237 συνέχειν
914 1183 989 1238 (cf.
1002 1184 1036 1239 §.
1051 1184 1153 1238 192)
1171 1185 1196 1225 i.
1213 1198 1247 1225 e.
1265 1197 1457 1239 premere
1470 1184 1535 1226 vel
1546 1196 1702 1239 angere

231 1259 415 1314 ductum,
447 1275 545 1302 nam
576 1262 835 1314 ,memoriam
868 1261 1068 1303 adimere‘
1100 1262 1263 1316 dicitur,
1295 1263 1448 1304 ibidem
1481 1265 1701 1311 notabilem,

232 1342 271 1379 in
299 1343 534 1381 edueale'one
549 1343 768 1382 nutricibus
786 1345 900 1382 laetis
912 1342 1148 1391 secundumn
1180 1356 1218 1383 v.
1243 1345 1378 1383 dicunt
1408 1355 1501 1382 cum
1533 1339 1566 1382 O
1599 1344 1640 1381 et
1670 1341 1702 1380 B

235 1417 512 1459 omittendum
548 1423 633 1472 est,
664 1419 764 1460 item
797 1419 833 1473 ξ.
871 1418 944 1462 163
976 1433 1060 1460 non
1092 1423 1254 1460 tantum
1285 1427 1410 1460 autem
1434 1433 1528 1460 cum
1561 1418 1596 1459 B
1628 1417 1701 1459 sed

233 1495 361 1537 etiam
393 1501 604 1548 concipere
633 1497 806 1539 verbum
836 1497 947 1539 male
977 1497 1212 1553 repetitum.
1262 1498 1424 1538 Rursus
1456 1498 1492 1551 ξ.
1525 1497 1605 1540 164,
1634 1511 1702 1537 na—

230 1577 355 1615 scitur
376 1588 449 1629 pro
470 1580 581 1617 nasci
613 1579 759 1618 dicitur
789 1577 915 1618 etiam
946 1575 1102 1617 codicis
1133 1575 1169 1617 B
1200 1589 1316 1637 error
1345 1581 1420 1617 est.

9 1660 201 1705 871—72
799 1658 963 1705 173:
992 1657 1146 1713 10‚63.

295 1742 589 1794 Mormorion
629 1773 687 1780 —
728 1748 929 1794 vocatur
982 1749 1030 1792 et
1079 1743 1357 1809 promnion,
1414 1759 1523 1792 cum
1559 1743 1605 1791 in
1644 1758 1701 1792 ea

293 1832 523 1881 miscetur
563 1836 609 1881 et
646 1830 926 1882 carbunculi
968 1830 1129 1890 color,
1168 1831 1582 1891 Alexandrinu1n3
1619 1831 1698 1879 ubi

295 1920 483 1978 sardae,
523 1920 750 1985 Cyprum,

338 2023 603 2061 alexandriam
633 2033 728 2061 uero
760 2023 826 2061 ube·
858 2021 910 2073 ss;
959 2019 1115 2060 scribe:
1172 2022 1467 2068 Alexandrian,
1512 2022 1578 2058 uhi
1608 2031 1699 2058 vero

227 2098 297 2140 rel.
328 2123 381 2128 --
433 2098 574 2154 §.183
608 2098 734 2139 etiam
767 2097 801 2138 B
840 2097 969 2139 habet
1007 2102 1265 2149 scmyumezcm
1295 2097 1422 2153 idque
1453 2096 1700 2148 rectissime,

226 2190 409 2232 namque
441 2177 567 2217 etiam
601 2179 763 2217 ochram
800 2176 846 2226 (i.
877 2189 912 2218 e.
944 2176 1145 2232 pallidum
1176 2176 1242 2217 vel
1272 2175 1522 2230 candidum)
1557 2187 1611 2214 ex
1632 2187 1699 2214 eo-

229 2256 325 2297 dem
355 2254 644 2310 recipiendum
675 2259 751 2297 est.
810 2255 846 2309 ξ.
881 2255 959 2298 187
988 2259 1113 2306 piscis
1150 2267 1243 2295 cum
1276 2254 1310 2295 O
1340 2253 1375 2294 P
1406 2253 1553 2295 merito
1585 2252 1637 2293 ab
1668 2253 1700 2294 Ι.

227 2334 412 2376 deletum
443 2338 520 2377 est.
580 2334 615 2387 ξ.
649 2333 727 2375 188
757 2334 968 2375 sententia
998 2337 1228 2375 Narcissitz's
1266 2336 1374 2373 venis
1404 2340 1439 2372 et
1469 2336 1592 2374 odore
1622 2335 1700 2373 dis-

227 2417 417 2463 linquitur
440 2425 548 2467 quae
579 2412 620 2452 in
650 2411 685 2452 B
717 2411 860 2465 deest,
903 2416 949 2454 ut
971 2412 1205 2453 litterarum
1237 2411 1338 2452 ordo
1370 2415 1557 2462 constet,
1590 2424 1699 2466 pone

226 2505 262 2534 v.
292 2496 404 2543 parit
433 2490 751 2545 transponenda
778 2494 855 2531 est.

118 2608 198 2651 873
810 2595 957 2643 190:
983 2594 1137 2651 11‚73.

297 2681 422 2731 Sunt
459 2686 505 2731 ct
541 2697 568 2730 a
605 2680 762 2731 leonis
818 2679 945 2746 pelle
984 2685 1031 2729 et
1066 2696 1091 2729 a
1140 2681 1373 2745 panthera
1426 2680 1698 2729 nominatae

295 2769 519 2829 leontios,
558 2770 821 2835 pardalios,
