1914 3237
191 281 215 321 [Ο

218 281 243 321 ῑῧ

159 2115 237 2156 123

266 149 321 190 92
879 146 1011 189 Liber
1043 147 1125 191 VI.

829 269 894 319 74
911 293 961 316 =
981 272 1063 333 20,
1086 272 1166 320 23.

332 360 404 409 Hi
441 359 697 420 montium,
745 360 826 424 qui
861 368 1103 426 perpetuo
1143 369 1301 411 tractu
1339 364 1557 412 oceani
1593 381 1733 413 orae

332 449 593 513 pertinent,
624 451 811 498 incolae
848 451 987 500 liberi
1025 459 1074 500 et
1105 469 1274 518 regum
1306 462 1538 519 expertes
1570 454 1733 502 multis

331 538 533 587 urbibus
572 548 822 589 montanos
859 542 1076 590 obtinent
1113 545 1279 592 colles.

372 640 436 680 lta
467 640 658 694 Silligius
691 655 714 683 e
748 642 846 683 cod.
881 642 922 683 R
961 650 1117 697 aperto
1160 643 1278 684 vitio.
1348 645 1459 685 Nam
1504 653 1733 701 utrumque

262 725 384 759 recte
426 718 603 762 dicitur:
632 720 725 774 „ad
758 733 880 761 oram
915 722 1171 776 pertinere“
1205 729 1248 763 et
1276 735 1419 775 „orae
1450 723 1733 778 praetendi“,

261 797 546 851 „pertinere“
588 813 694 840 vero
727 813 960 854 numquam
995 814 1093 841 cum
1127 800 1273 840 dativo
1307 813 1412 840 casu
1446 803 1728 843 construitur.

260 875 528 917 Alterutrum
549 878 679 932 igitur
705 878 949 933 eligendum
972 879 1068 930 erit,
1100 885 1174 918 aut
1201 879 1511 932 „praetinere“
1541 892 1637 920 cum
1661 880 1733 919 da-

262 956 349 996 tivo
381 962 456 995 aut
485 957 737 1009 „pertinere
767 958 821 997 ad
853 961 1022 998 oram‘2.
1082 955 1190 997 lllud
1221 956 1468 998 Salmasius
1489 972 1533 1011 p.
1553 956 1648 1000 995.
1668 972 1734 999 re-

263 1033 510 1088 cipiendum
530 1036 692 1077 statuit.
751 1036 835 1083 Qui
858 1050 987 1091 quum
1019 1035 1061 1076 in
1085 1034 1203 1078 libris
1226 1036 1334 1077 Mss.
1363 1035 1548 1090 legisset
1586 1037 1738 1076 oceani

260 1128 337 1153 ora
363 1115 600 1169 pertinent,
631 1115 830 1155 scribere
861 1113 997 1155 voluit
1038 1115 1190 1155 oceani
1216 1128 1317 1154 orae
1343 1113 1584 1170 praetenti,
1617 1128 1732 1155 eum-

261 1206 345 1248 que
374 1199 555 1234 secutus
583 1192 933 1234 estHarduinus.
982 1193 1094 1233 Nam
1124 1192 1239 1235 salso
1258 1191 1449 1247 Silligius
1467 1191 1730 1234 Salmasium

261 1287 337 1312 ora
367 1272 533 1327 legisse
562 1271 713 1313 refert.
774 1270 1014 1313 Confirmat
1044 1284 1140 1312 eam
1173 1272 1476 1313 coniecturam
1511 1272 1732 1326 scriptura

260 1351 374 1392 Rob.
407 1350 559 1392 oceani
585 1365 663 1390 ora
690 1352 948 1405 praetinent.
1015 1352 1330 1393 Verumtamen
1373 1351 1626 1404 pronomine
1664 1365 1731 1393 re·

261 1429 395 1471 lativo
433 1430 581 1484 „qui“
618 1430 800 1470 verbum
832 1429 994 1471 finitum
1025 1429 1186 1484 requiri
1218 1429 1421 1469 arbitror.
1497 1428 1586 1468 Iam
1628 1442 1730 1470 vero

261 1521 391 1561 quum
424 1507 551 1547 codd.
582 1507 647 1548 Td
682 1507 920 1549 exhibeant
961 1507 1018 1548 ad
1042 1508 1193 1548 oceani
1216 1523 1293 1548 ora
1311 1508 1544 1564 pertinent,
1575 1509 1730 1549 nescio

262 1598 340 1625 cur
384 1584 661 1626 durissimum
701 1587 987 1628 construendi
1028 1587 1201 1627 modum
1241 1585 1379 1626 Plinio
1428 1586 1730 1629 obtrudamus.

260 1664 376 1705 Fieri
425 1664 537 1705 enim
572 1662 705 1705 facile
753 1665 892 1719 potuit
933 1671 979 1706 ut
1021 1665 1062 1705 in
1100 1663 1277 1719 reliquis
1321 1663 1440 1706 libris
1478 1665 1638 1706 vocula
1675 1666 1733 1706 ad

261 1744 373 1785 inter
406 1742 606 1798 syllabas
638 1749 684 1782 tn
713 1751 757 1784 et
788 1757 835 1783 oc
865 1743 1103 1784 excideret.
1171 1743 1321 1798 Itaque
1352 1743 1634 1785 scribendum
1665 1758 1732 1786 ar-

261 1822 422 1863 bitror:
453 1821 529 1882 qui
556 1820 621 1861 ad
654 1821 805 1861 oceani
834 1836 973 1860 oram
1000 1820 1231 1876 pertinent.

374 1899 581 1941 Ceterum
618 1899 719 1940 licet
755 1912 1024 1954 magnopere
1059 1898 1162 1939 mihi
1199 1899 1459 1953 displiceant
1501 1904 1731 1952 „montani

264 1978 450 2029 colles“,
479 1978 658 2020 incertis
689 1978 1017 2032 suspicionibus
1050 1978 1358 2019 abstinendum
1390 1993 1505 2021 reor.

825 2103 890 2150 77
914 2127 959 2145 =
980 2101 1175 2151 ibidem.

328 2205 462 2254 Hinc
482 2204 658 2252 deinde
677 2204 900 2252 accolunt
914 2203 1086 2252 Indum
1112 2218 1138 2249 a
1150 2203 1179 2250 d
1194 2219 1296 2252 ver
1308 2220 1330 2250 s
1343 2220 1371 2251 u
1385 2220 1430 2251 m
1456 2221 1482 2252 e
1494 2204 1549 2253 vi
1563 2205 1592 2253 d
1606 2222 1631 2253 e
1643 2207 1730 2254 nti

327 2295 739 2343 demonstratione
776 2294 967 2342 Athoae
983 2333 995 2355 ‚
1032 2293 1267 2358 Bolingae
1303 2299 1383 2340 rel.

373 2394 638 2449 Corruptum
675 2408 776 2436 esse
815 2394 960 2435 locum
1002 2393 1098 2448 quis
1128 2407 1215 2434 non
1249 2393 1400 2436 videt?
1460 2396 1586 2442 Quae
1618 2395 1730 2436 enim

262 2479 330 2515 cst
367 2473 541 2514 evidens
578 2472 923 2515 demonstratio?
990 2473 1135 2526 Atque
1172 2472 1260 2514 hoe
1295 2474 1436 2527 ipsum
1468 2473 1730 2514 adiectivum

261 2551 356 2592 libri
388 2552 496 2593 Mss.
531 2565 685 2593 omnes
717 2553 933 2607 ignorant.
993 2551 1167 2593 liabent
1197 2553 1332 2593 enim:
1363 2552 1405 2593 R
1434 2550 1632 2590 advessos
1663 2565 1731 2591 eos

262 2630 454 2683 cadente,
485 2629 519 2670 T
557 2630 764 2671 adversus
793 2644 861 2670 eos
889 2630 1086 2681 cadente,
1121 2631 1146 2671 d
1176 2629 1406 2670 adversum
1436 2644 1504 2670 eos
1536 2628 1728 2670 cadente.

260 2708 447 2749 Rectam
508 2717 651 2749 autem
703 2710 965 2750 emendandi
1017 2710 1130 2750 viam
1181 2709 1410 2762 ingressus
1458 2715 1526 2747 est
1573 2707 1730 2748 Pintia-

261 2799 343 2828 nus
385 2786 454 2841 qui
495 2786 534 2825 in
574 2787 731 2829 ultimis
779 2788 950 2829 (luobus
996 2787 1223 2829 vocabulis
1265 2786 1404 2827 latere
1454 2786 1729 2840 participium
