1914 3237
264 144 347 185 170
861 147 993 189 Liber
1021 148 1138 190 XII.

262 268 390 308 etiam
430 268 573 322 imago
608 268 830 312 aviditatis
866 284 978 326 quae
1015 272 1115 312 dum
1153 272 1322 327 appetit
1361 274 1540 316 esuriat.
1604 273 1732 314 Haud

261 347 388 387 dubie
428 346 588 388 collato
626 348 724 390 loco
762 350 897 392 Xxu.
942 351 1036 392 113.
1078 352 1180 407 quid
1221 352 1502 393 scribendum
1541 353 1616 405 sit,
1656 366 1730 405 pa-

260 424 342 464 lam
377 424 460 467 flet.
521 427 646 468 Sicut
673 429 785 468 enini
814 429 869 469 ibi
902 428 1058 484 legitur
1097 430 1366 484 „appetendi
1391 430 1577 470 aviditas
1601 430 1731 483 cibi“,

259 504 318 544 ita
349 503 420 545 hic
451 504 684 559 legendum
717 514 786 548 cst
816 508 861 547 ιή
879 509 1106 564 appetendi
1123 508 1330 548 aviditate
1360 522 1426 550 sc.
1457 507 1583 557 cibos,
1616 522 1729 562 quac

257 595 344 621 vox
376 596 506 636 quum
537 585 665 626 modo
699 584 869 639 prolata
899 586 968 635 sit,
998 585 1128 627 facile
1157 585 1505 640 subintelligitur.
1562 585 1730 627 Littera

257 674 283 698 a
309 660 349 700 in
369 660 614 717 archetypo
632 662 748 704 falso
767 662 846 704 suit
875 661 1110 717 duplicata,
1143 664 1158 704 ἰ
1189 665 1399 719 proximis
1427 665 1475 705 ui
1500 666 1726 720 absorpta.

842 774 904 822 33
927 799 972 816 =
996 774 1043 836 8,
1069 776 1148 823 18.

318 872 469 920 -ibi
502 880 550 920 et
571 873 736 922 frutex
762 874 995 938 pestilens
1021 875 1238 940 raphani,
1268 875 1383 923 solio
1406 875 1544 936 lauri,
1573 876 1725 924 odore

150 786 173 824 ba

182 786 194 825 —

203 785 230 826 ζ’(

321 977 475 1024 equos
506 961 736 1010 invitante
774 968 854 1009 rel.

360 1074 715 1128 Theophrastum
757 1076 955 1129 sequitur
986 1075 1172 1126 Plinius,
1212 1090 1237 1118 e
1275 1078 1399 1118 cuius
1430 1078 1578 1118 vex-bis
1610 1076 1722 1120 His-t.

249 1151 610 1206 plant.1V.4.l·2.
632 1149 756 1195 ’Άλλο
785 1151 827 1196 δὲ
849 1150 992 1209 ὕλημα
1020 1154 1206 1210 μέγεβος
1231 1153 1309 1209 μὲν
1339 1154 1485 1207 ἡλίκου
1516 1154 1722 1210 ῥάφανος,

249 1233 290 1274 τὸ
323 1231 366 1275 δὲ
394 1232 557 1287 φύλλου
586 1230 734 1288 ὅμοιον
765 1219 907 1289 δάφνῃ
934 1234 1012 1274 rel.
1039 1242 1161 1274 recte
1185 1233 1380 1288 Silligius
1411 1233 1571 1288 aliquid
1603 1235 1718 1274 exci-

248 1312 368 1353 disse
409 1312 597 1366 collegit.
665 1312 812 1352 Possit
851 1311 1026 1365 quidem
1060 1324 1083 1352 e
1116 1310 1156 1366 ᾗ.
1177 1310 1242 1352 35.
1273 1311 1571 1367 nnuynitmline
1599 1313 1719 1362 addi,

247 1406 397 1434 verum
418 1399 616 1446 praestat
633 1405 657 1433 e
674 1405 806 1433 versu
824 1391 1023 1445 proximo
1039 1392 1271 1445 superiore
1288 1397 1494 1445 repetere
1515 1390 1605 1430 sim
1618 1390 1718 1431 ilis.

139 1530 220 1570 ‘21ss
837 1513 901 1561 37
923 1533 974 1555 =
994 1513 1042 1574 9,
1062 1513 1142 1561 20.

335 1650 373 1661 ..
413 1615 560 1661 rubro
585 1613 721 1673 mari,
759 1613 889 1677 quod
918 1612 1002 1660 ibi
1031 1612 1290 1661 Persicum
1321 1613 1599 1661 vocavimus
1636 1620 1714 1659 rel.

350 1713 535 1755 Factum
565 1713 650 1754 hoc
681 1721 749 1754 est
776 1713 936 1757 VL-ss.
961 1720 1003 1754 et
1024 1712 1116 1754 108.
1147 1712 1312 1754 Verum
1343 1727 1473 1768 quum
1505 1712 1590 1755 alio
1623 1720 1713 1755 tan-

240 1802 326 1833 tum
366 1792 467 1834 loco
508 1806 534 1833 a
568 1807 618 1833 se
653 1793 707 1833 de
747 1793 845 1833 sinu
885 1793 1064 1833 Persico
1111 1793 1376 1846 disputatum
1421 1806 1524 1834 esse
1569 1794 1714 1835 tradat

241 1872 417 1925 Plinius,
449 1878 637 1926 apparet
667 1886 825 1913 vocem
861 1871 920 1912 ibi
947 1886 1060 1927 quae
1090 1873 1147 1913 ad
1178 1871 1339 1912 nullam
1372 1872 1412 1911 in
1443 1872 1712 1912 anteceden-

237 1951 350 1991 tibus
384 1950 542 1991 reserri
573 1950 727 2004 possit,
756 1964 836 2003 pro
866 1957 1077 2004 corrupta
1104 1950 1353 1990 habendam
1373 1962 1490 1990 esse.
1530 1949 1711 1991 Scilicet

235 2029 354 2069 initio
389 2027 593 2070 vocabuli
631 2028 749 2082 quod
786 2027 1062 2069 intercidisse
1103 2028 1341 2082 putandum
1374 2035 1464 2081 est,
1509 2029 1709 2070 restituto

235 2121 350 2161 opus
381 2114 450 2149 est
480 2116 525 2148 ut
554 2105 755 2159 legatur:

905 2159 1040 2201 alibi.

801 2297 863 2343 75
885 2317 934 2338 =
961 2295 1037 2356 17,
1059 2294 1139 2343 37.

301 2399 427 2445 Sunt
459 2398 538 2461 qui
572 2398 769 2445 herbam
801 2397 847 2444 in
882 2398 1066 2461 Cypro,
1097 2413 1159 2444 ex
1191 2413 1286 2459 qua
1322 2397 1367 2443 id
1401 2395 1702 2460 (ladanum)

300 2490 377 2549 fit,
420 2489 576 2536 ledam
615 2490 884 2552 appellant3
927 2487 1105 2535 etenim
1137 2487 1202 2534 illi
1243 2487 1465 2534 ledanum
1506 2496 1702 2545 v0cant3

298 2579 467 2626 huius
509 2579 686 2643 pingue
729 2577 941 2625 insidere
984 2577 1147 2640 itaque
1193 2576 1410 2622 attractis
1460 2576 1699 2636 funiculis,

129 2307 152 2343 Ι»

163 2306 174 2344 —

186 2306 207 2344 Ν]

296 2669 492 2716 herbam
524 2685 630 2716 eam
662 2666 881 2715 convolvi
914 2674 1058 2730 atque
1095 2665 1160 2713 ita
1189 2665 1309 2713 offas
1342 2664 1463 2712 lieri.

340 2780 488 2822 Variis
520 2780 659 2822 locum
692 2780 923 2822 manifesto
943 2787 1196 2834 corruptum
1217 2777 1486 2820 coniecturis
1504 2776 1596 2819 VV.
1611 2776 1700 2818 UD.

1901 3183 1905 3237 -..-
1903 3061 1906 3114 .ᾼ-
