1914 3237
760 173 876 212 Liber
902 172 992 211 XX
999 172 1042 211 V.
1551 161 1631 205 143

236 303 370 354 Folia
409 306 664 353 Servantur
697 302 741 349 in
779 301 931 349 muria
967 298 1245 357 efficaciuS,
1300 296 1417 346 alias
1462 309 1634 344 recen·
1663 297 1743 340 546

240 395 356 441 tium
394 406 542 440 sucus
579 389 731 454 pestis
766 392 863 447 est3
901 387 972 436 sic
1009 401 1205 450 quoque
1246 385 1422 435 noxiae
1460 384 1602 432 vires,

280 502 449 543 Scilicet
479 512 586 554 quae
617 499 660 539 in
689 498 812 539 libris'
836 497 954 540 MSS.
989 497 1257 552 reperiuntur
1288 499 1398 536 albus
1428 508 1520 535 rore
1550 503 1635 533 tan-

170 589 247 622 tum
262 593 399 620 sucum
420 582 588 627 (succus
605 581 653 626 a)
683 576 741 616 ita
760 581 857 616 sunt
877 580 1074 630 corrupta
1091 581 1139 615 ut
1165 587 1309 615 sucum
1333 573 1421 614 sole
1454 572 1635 613 densan-

170 657 283 710 dum,
306 670 331 698 a
346 669 440 696 rore
461 654 695 696 cavendum
715 667 810 694 esse
823 653 1050 695 declarent.
1078 652 1240 693 Plinius
1259 651 1370 692 enim
1394 650 1502 690 sicut
1518 648 1634 689 XVI.

171 735 252 779 193
283 749 342 790 sq.
373 734 593 774 materiam
624 733 895 784 rorulentam,
923 730 1084 771 XVIII,
1115 731 1194 773 315
1227 742 1350 770 uvam
1380 727 1636 768 rorulentam

171 814 257 869 legi
292 826 376 853 non
408 816 603 866 oportere
632 810 838 865 praecipit
875 810 947 859 (cf.
977 808 1137 850 XVIII.
1168 807 1296 861 330),
1336 807 1396 847 ita
1425 805 1491 845 hic
1522 818 1637 844 man-

172 892 378 946 dragorae
401 888 602 931 rorulenti
622 902 767 929 sucum
798 888 970 928 noxium
997 900 1092 927 esse
1122 883 1294 935 indicat,
1324 884 1465 925 album
1497 887 1636 922 autem

171 970 291 1025 nigro
324 981 418 1009 esse
448 966 738 1008 efficaciorem.
802 964 1078 1006 Scribendum
1117 968 1181 1005 est
1209 963 1358 1017 igitur:

227 1073 342 1111 Folio
362 1076 572 1109 servantur
600 1072 638 1109 in
671 1071 812 1116 muria,
844 1068 1190 1124 efficaciusfllbi.
1220 1066 1495 1105 Rorulenlz'
1522 1076 1640 1102 sucus

221 1151 345 1200 pestis
375 1154 431 1186 est
457 1150 534 1187 etc.

1703 1227 1735 1249 Q

266 1248 449 1304 Χ5159,
502 1246 576 1289 160
613 1245 786 1301 vulgata
823 1245 949 1286 lectio
1007 1249 1124 1285 Aizm'
1169 1247 1248 1284 duo
1287 1256 1435 1294 yenera
1475 1240 1640 1296 praefe-

172 1326 307 1369 renda
332 1331 407 1368 est.

717 1460 808 1507 160
830 1481 873 1500 =
904 1459 1092 1514 13,101.
1671 1450 1752 1494 547

238 1546 440 1597 alterum
500 1548 740 1606 (aizoum)
809 1544 1157 1602 minusculum,
1228 1543 1361 1608 quod
1417 1542 1642 1592 erithales

239 1642 419 1686 vocant
458 1676 464 1684 .
506 1674 516 1684 .
555 1674 565 1685 .
602 1634 750 1699 aliqui
786 1635 983 1692 isoeteS‚
1022 1633 1113 1682 sed
1143 1632 1331 1682 aizoum
1370 1637 1642 1696 utrumque,

241 1725 472 1789 quoniam
508 1724 663 1772 vireat
697 1738 906 1788 semper.

286 1812 449 1854 Locum
482 1813 844 1867 corruptissimum
875 1810 1003 1851 talem
1042 1808 1245 1850 exhibent
1275 1807 1443 1849 codices
1472 1805 1617 1850 MSS:

229 1917 352 1964 aliqui
381 1917 577 1954 semilalia
607 1916 740 1953 seclum
773 1916 842 1963 qm·
871 1916 1030 1952 aizoum
1048 1918 1256 1961 utrumque
1270 1914 1396 1950 vireat
1423 1922 1576 1961 semper
1605 1923 1642 1959 a,

229 1996 354 2042 aliqui
380 1995 659 2044 sempervivum
691 1991 734 2031 a²

230 2085 355 2133 aliqui
382 2086 416 2123 is
446 2085 493 2132 (Ιι
514 2086 548 2122 is
563 2080 626 2130 V)
660 2084 693 2121 is
723 2088 758 2121 et
785 2083 929 2120 similia
957 2082 1093 2119 seclum
1122 2081 1194 2119 sed
1224 2081 1292 2128 qui
1309 2086 1464 2118 alzomn
1496 2085 1644 2118 utrum-

227 2174 302 2211 que
321 2164 507 2211 quoniam
526 2164 653 2200 vireat
672 2163 841 2209 (vireret
855 2157 894 2198 R
904 2167 918 2207 )
939 2170 1092 2208 semper
1107 2156 1195 2196 fere
1213 2157 1527 2197 consentientes
1546 2155 1645 2196 VR.

283 2251 429 2304 Itaque
467 2264 506 2290 v.
540 2253 676 2290 sedum
723 2246 835 2303 quod
874 2247 1001 2287 etiam
1042 2247 1083 2286 in
1126 2245 1264 2286 indice
1302 2245 1456 2300 legitur
1494 2227 1519 2285 a
1558 2245 1643 2286 Sill.

174 2332 362 2383 spretum
392 2333 508 2368 recte
548 2327 600 2368 ab
631 2328 734 2367 Iano
765 2325 1006 2366 restitutum
1037 2329 1113 2365 est.
1172 2323 1277 2364 Tum
1309 2338 1347 2364 v.
1377 2327 1519 2364 isoetes
1548 2328 1645 2378 post

172 2420 210 2446 v.
243 2409 369 2456 aliqui
397 2410 636 2446 truncatum
666 2404 806 2445 indice
839 2402 1146 2457 comprobatur.
1206 2401 1325 2449 Quae
1358 2402 1549 2456 proxime
1581 2415 1644 2442 se-

171 2488 356 2538 quuntur
385 2484 550 2524 litterae
580 2486 774 2523 semitalz'a
806 2481 872 2522 vel
904 2489 939 2521 et
967 2484 1110 2521 similia
1149 2493 1245 2520 mea
1276 2479 1445 2535 quidem
1477 2485 1644 2520 senten-

170 2562 230 2602 tia
259 2575 344 2602 non
373 2576 410 2602 v.
441 2564 576 2609 Italia,
609 2559 964 2615 quemadmodum
998 2559 1039 2600 S.
1064 2559 1098 2600 Ι.
1131 2563 1382 2611 statuerunt,
1414 2558 1644 2609 continent,

171 2639 246 2680 sed
277 2639 524 2681 adverbium
542 2642 732 2690 similiter,
764 2652 821 2679 sc.
854 2651 902 2678 ac
922 2638 1057 2678 maius
1077 2637 1255 2678 aizoum.
1286 2636 1454 2677 Deinde
1485 2640 1552 2687 qm·
1571 2649 1644 2676 ex-

171 2718 297 2772 pulsa
328 2718 506 2758 duorum
538 2717 740 2758 librorum
772 2716 1059 2771 dittographia
1087 2719 1159 2756 sed
1175 2729 1223 2756 ac
1256 2716 1450 2770 suppleta
1481 2714 1644 2770 syllaba

171 2795 295 2837 facile
324 2797 367 2837 in
399 2800 525 2847 aliqui
555 2795 792 2850 corrigitur,
833 2799 924 2836 tota
954 2793 1134 2849 denique
1165 2781 1377 2835 sententia
1407 2808 1430 2835 e
1461 2793 1553 2834 cod.
1584 2794 1644 2846 a2,
