<?xml version="1.0" encoding="UTF-8"?>
<!DOCTYPE html PUBLIC "-//W3C//DTD XHTML 1.0 Transitional//EN"
    "http://www.w3.org/TR/xhtml1/DTD/xhtml1-transitional.dtd">
<html xmlns="http://www.w3.org/1999/xhtml" xml:lang="en" lang="en">
 <head>
  <title>
</title>
<meta http-equiv="Content-Type" content="text/html;charset=utf-8" />
  <meta name='ocr-system' content='tesseract 3.04.00' />
  <meta name='ocr-capabilities' content='ocr_page ocr_carea ocr_par ocr_line ocrx_word'/>
</head>
<body>
  <div class='ocr_page' id='page_1' title='image "./vindiciaeplinian00urliuoft_0036.png"; bbox 0 0 1914 3237; ppageno 0'>
   <div class='ocr_carea' id='block_1_1' title="bbox 311 148 1165 192">
    <p class='ocr_par' dir='ltr' id='par_1_1' title="bbox 311 148 1165 192">
     <span class='ocr_line' id='line_1_1' title="bbox 311 148 1165 192; baseline -0.004 -1"><span class='ocrx_word' id='word_1_1' title='bbox 311 150 363 192; x_wconf 78' lang='lat'><strong>32</strong></span> <span class='ocrx_word' id='word_1_2' title='bbox 932 148 1063 190; x_wconf 83' lang='lat' dir='ltr'><strong>Liber</strong></span> <span class='ocrx_word' id='word_1_3' title='bbox 1092 149 1165 189; x_wconf 94' lang='grc' dir='ltr'><strong>ΙΙ.</strong></span> 
     </span>
    </p>
   </div>
   <div class='ocr_carea' id='block_1_2' title="bbox 210 270 1780 2852">
    <p class='ocr_par' dir='ltr' id='par_1_2' title="bbox 210 270 1780 2852">
     <span class='ocr_line' id='line_1_2' title="bbox 311 270 1780 327; baseline 0.003 -14"><span class='ocrx_word' id='word_1_4' title='bbox 311 271 606 325; x_wconf 81' lang='lat' dir='ltr'>adscripsisse</span> <span class='ocrx_word' id='word_1_5' title='bbox 641 270 849 311; x_wconf 81' lang='lat' dir='ltr'><strong>videatur.</strong></span> <span class='ocrx_word' id='word_1_6' title='bbox 921 271 1061 314; x_wconf 86' lang='lat' dir='ltr'>Recte</span> <span class='ocrx_word' id='word_1_7' title='bbox 1091 272 1162 314; x_wconf 89' lang='lat' dir='ltr'><strong>ille</strong></span> <span class='ocrx_word' id='word_1_8' title='bbox 1192 273 1365 327; x_wconf 82' lang='lat' dir='ltr'><strong>quidem</strong></span> <span class='ocrx_word' id='word_1_9' title='bbox 1404 289 1428 315; x_wconf 91' lang='lat' dir='ltr'><strong>e</strong></span> <span class='ocrx_word' id='word_1_10' title='bbox 1466 289 1645 316; x_wconf 79' lang='lat' dir='ltr'><strong>suorum</strong></span> <span class='ocrx_word' id='word_1_11' title='bbox 1679 283 1780 317; x_wconf 90' lang='lat' dir='ltr'><strong>tem·</strong></span> 
     </span>
     <span class='ocr_line' id='line_1_3' title="bbox 311 349 1780 407; baseline 0.002 -16"><span class='ocrx_word' id='word_1_12' title='bbox 311 364 464 405; x_wconf 84' lang='lat' dir='ltr'><strong>porum</strong></span> <span class='ocrx_word' id='word_1_13' title='bbox 497 349 667 390; x_wconf 86' lang='lat' dir='ltr'><strong>ratione</strong></span> <span class='ocrx_word' id='word_1_14' title='bbox 706 363 760 390; x_wconf 88' lang='lat' dir='ltr'><strong>ac</strong></span> <span class='ocrx_word' id='word_1_15' title='bbox 798 364 914 392; x_wconf 85' lang='lat' dir='ltr'><strong>vere.</strong></span> <span class='ocrx_word' id='word_1_16' title='bbox 982 352 1093 392; x_wconf 82' lang='lat' dir='ltr'><strong>Nam</strong></span> <span class='ocrx_word' id='word_1_17' title='bbox 1130 360 1356 404; x_wconf 84' lang='lat' dir='ltr'><strong>postrema</strong></span> <span class='ocrx_word' id='word_1_18' title='bbox 1399 353 1565 407; x_wconf 84' lang='lat' dir='ltr'><strong>imperii</strong></span> <span class='ocrx_word' id='word_1_19' title='bbox 1593 354 1780 395; x_wconf 89' lang='lat' dir='ltr'><strong>Romani</strong></span> 
     </span>
     <span class='ocr_line' id='line_1_4' title="bbox 310 427 1779 487; baseline 0.003 -17"><span class='ocrx_word' id='word_1_20' title='bbox 310 435 456 470; x_wconf 85' lang='lat' dir='ltr'><strong>aetate</strong></span> <span class='ocrx_word' id='word_1_21' title='bbox 474 427 621 468; x_wconf 88' lang='lat' dir='ltr'><strong>Piceni</strong></span> <span class='ocrx_word' id='word_1_22' title='bbox 638 442 796 469; x_wconf 91' lang='lat' dir='ltr'><strong>nomen</strong></span> <span class='ocrx_word' id='word_1_23' title='bbox 824 427 953 470; x_wconf 86' lang='lat' dir='ltr'><strong>latius</strong></span> <span class='ocrx_word' id='word_1_24' title='bbox 978 431 1176 483; x_wconf 82' lang='lat' dir='ltr'><strong>patuisse</strong></span> <span class='ocrx_word' id='word_1_25' title='bbox 1205 436 1354 471; x_wconf 89' lang='lat' dir='ltr'><strong>notum</strong></span> <span class='ocrx_word' id='word_1_26' title='bbox 1387 438 1468 481; x_wconf 87' lang='lat' dir='ltr'><strong>est,</strong></span> <span class='ocrx_word' id='word_1_27' title='bbox 1500 432 1558 473; x_wconf 87' lang='lat' dir='ltr'><strong>ita</strong></span> <span class='ocrx_word' id='word_1_28' title='bbox 1582 440 1626 473; x_wconf 90' lang='lat' dir='ltr'><strong>ut</strong></span> <span class='ocrx_word' id='word_1_29' title='bbox 1645 447 1779 487; x_wconf 84' lang='lat' dir='ltr'><strong>quon·</strong></span> 
     </span>
     <span class='ocr_line' id='line_1_5' title="bbox 309 507 1778 563; baseline 0.003 -14"><span class='ocrx_word' id='word_1_30' title='bbox 309 510 407 550; x_wconf 62' lang='lat' dir='ltr'><strong>:lam</strong></span> <span class='ocrx_word' id='word_1_31' title='bbox 438 508 566 550; x_wconf 89' lang='lat' dir='ltr'><strong>etiam</strong></span> <span class='ocrx_word' id='word_1_32' title='bbox 586 508 848 550; x_wconf 86' lang='lat' dir='ltr'><strong>Sabinorum</strong></span> <span class='ocrx_word' id='word_1_33' title='bbox 869 521 1021 563; x_wconf 91' lang='lat' dir='ltr'><strong>agrum</strong></span> <span class='ocrx_word' id='word_1_34' title='bbox 1051 507 1464 561; x_wconf 81' lang='lat' dir='ltr'><strong>comprehenderet.</strong></span> <span class='ocrx_word' id='word_1_35' title='bbox 1502 511 1641 559; x_wconf 87' lang='lat' dir='ltr'><strong>Quem</strong></span> <span class='ocrx_word' id='word_1_36' title='bbox 1665 511 1778 553; x_wconf 87' lang='lat' dir='ltr'><strong>Pau·</strong></span> 
     </span>
     <span class='ocr_line' id='line_1_6' title="bbox 307 586 1778 643; baseline 0.001 -13"><span class='ocrx_word' id='word_1_37' title='bbox 307 588 374 630; x_wconf 89' lang='lat' dir='ltr'><strong>lus</strong></span> <span class='ocrx_word' id='word_1_38' title='bbox 419 587 592 643; x_wconf 84' lang='lat' dir='ltr'><strong>quidem</strong></span> <span class='ocrx_word' id='word_1_39' title='bbox 638 587 866 628; x_wconf 89' lang='lat' dir='ltr'><strong>Diaconus</strong></span> <span class='ocrx_word' id='word_1_40' title='bbox 903 586 1044 630; x_wconf 68' lang='lat' dir='ltr'><strong>ILQO.</strong></span> <span class='ocrx_word' id='word_1_41' title='bbox 1076 586 1256 628; x_wconf 86' lang='lat' dir='ltr'><strong>Valeria</strong></span> <span class='ocrx_word' id='word_1_42' title='bbox 1304 588 1517 629; x_wconf 84' lang='lat' dir='ltr'><strong>contineri</strong></span> <span class='ocrx_word' id='word_1_43' title='bbox 1566 591 1778 641; x_wconf 84' lang='lat' dir='ltr'><strong>narravit,</strong></span> 
     </span>
     <span class='ocr_line' id='line_1_7' title="bbox 307 664 1775 723; baseline 0.002 -14"><span class='ocrx_word' id='word_1_44' title='bbox 307 681 493 723; x_wconf 89' lang='lat' dir='ltr'><strong>quocum</strong></span> <span class='ocrx_word' id='word_1_45' title='bbox 529 666 779 707; x_wconf 86' lang='lat' dir='ltr'><strong>consentire</strong></span> <span class='ocrx_word' id='word_1_46' title='bbox 814 665 986 708; x_wconf 79' lang='lat' dir='ltr'><strong>videtur</strong></span> <span class='ocrx_word' id='word_1_47' title='bbox 1020 665 1152 707; x_wconf 87' lang='lat' dir='ltr'><strong>Notit.</strong></span> <span class='ocrx_word' id='word_1_48' title='bbox 1177 664 1304 719; x_wconf 86' lang='lat' dir='ltr'><strong>Dign.</strong></span> <span class='ocrx_word' id='word_1_49' title='bbox 1326 666 1431 707; x_wconf 89' lang='lat' dir='ltr'><strong>Occ.</strong></span> <span class='ocrx_word' id='word_1_50' title='bbox 1455 680 1491 708; x_wconf 90' lang='lat' dir='ltr'><strong>c.</strong></span> <span class='ocrx_word' id='word_1_51' title='bbox 1512 666 1575 708; x_wconf 84' lang='lat'><strong>18.</strong></span> <span class='ocrx_word' id='word_1_52' title='bbox 1597 675 1642 709; x_wconf 89' lang='lat' dir='ltr'><strong>et</strong></span> <span class='ocrx_word' id='word_1_53' title='bbox 1663 669 1775 713; x_wconf 81' lang='lat' dir='ltr'><strong>Cod.</strong></span> 
     </span>
     <span class='ocr_line' id='line_1_8' title="bbox 306 744 1778 798; baseline 0.001 -10"><span class='ocrx_word' id='word_1_54' title='bbox 306 746 499 788; x_wconf 84' lang='lat' dir='ltr'><strong>Thedos.</strong></span> <span class='ocrx_word' id='word_1_55' title='bbox 520 745 592 785; x_wconf 85' lang='lat' dir='ltr'><strong>IX.</strong></span> <span class='ocrx_word' id='word_1_56' title='bbox 621 744 686 785; x_wconf 85' lang='lat'><strong>30.</strong></span> <span class='ocrx_word' id='word_1_57' title='bbox 714 744 762 795; x_wconf 83' lang='lat'><strong>5,</strong></span> <span class='ocrx_word' id='word_1_58' title='bbox 802 744 914 785; x_wconf 88' lang='lat' dir='ltr'><strong>sicut</strong></span> <span class='ocrx_word' id='word_1_59' title='bbox 951 744 1061 785; x_wconf 88' lang='lat' dir='ltr'><strong>liber</strong></span> <span class='ocrx_word' id='word_1_60' title='bbox 1099 744 1240 786; x_wconf 91' lang='lat' dir='ltr'><strong>colon.</strong></span> <span class='ocrx_word' id='word_1_61' title='bbox 1266 745 1298 784; x_wconf 88' lang='lat'><strong>1.</strong></span> <span class='ocrx_word' id='word_1_62' title='bbox 1336 744 1561 798; x_wconf 79' lang='lat' dir='ltr'><strong>(Gi-omat.</strong></span> <span class='ocrx_word' id='word_1_63' title='bbox 1586 755 1688 789; x_wconf 89' lang='lat' dir='ltr'><strong>vett.</strong></span> <span class='ocrx_word' id='word_1_64' title='bbox 1709 749 1778 790; x_wconf 88' lang='lat' dir='ltr'><strong>ed.</strong></span> 
     </span>
     <span class='ocr_line' id='line_1_9' title="bbox 306 822 1777 879; baseline -0.001 -12"><span class='ocrx_word' id='word_1_65' title='bbox 306 825 572 867; x_wconf 76' lang='lat' dir='ltr'>Lachmann.</span> <span class='ocrx_word' id='word_1_66' title='bbox 615 823 760 866; x_wconf 75' lang='lat' dir='ltr'><strong>vol.1.</strong></span> <span class='ocrx_word' id='word_1_67' title='bbox 797 822 990 877; x_wconf 71' lang='lat'>1›.2·28)‚</span> <span class='ocrx_word' id='word_1_68' title='bbox 1043 838 1172 879; x_wconf 88' lang='lat' dir='ltr'><strong>quum</strong></span> <span class='ocrx_word' id='word_1_69' title='bbox 1215 822 1326 864; x_wconf 86' lang='lat' dir='ltr'><strong>liber</strong></span> <span class='ocrx_word' id='word_1_70' title='bbox 1364 823 1412 866; x_wconf 86' lang='grc' dir='ltr'><strong>ΙΙ.</strong></span> <span class='ocrx_word' id='word_1_71' title='bbox 1443 839 1482 878; x_wconf 88' lang='lat' dir='ltr'><strong>p.</strong></span> <span class='ocrx_word' id='word_1_72' title='bbox 1504 825 1596 870; x_wconf 74' lang='lat'><strong>⁶259.</strong></span> <span class='ocrx_word' id='word_1_73' title='bbox 1633 826 1777 868; x_wconf 81' lang='lat' dir='ltr'><strong>Reate</strong></span> 
     </span>
     <span class='ocr_line' id='line_1_10' title="bbox 305 900 1777 960; baseline 0 -14"><span class='ocrx_word' id='word_1_74' title='bbox 305 905 529 960; x_wconf 84' lang='lat' dir='ltr'><strong>oppidum,</strong></span> <span class='ocrx_word' id='word_1_75' title='bbox 557 903 673 956; x_wconf 84' lang='lat' dir='ltr'><strong>quod</strong></span> <span class='ocrx_word' id='word_1_76' title='bbox 701 901 907 943; x_wconf 80' lang='lat' dir='ltr'><strong>Valeriae</strong></span> <span class='ocrx_word' id='word_1_77' title='bbox 943 909 1075 954; x_wconf 87' lang='lat' dir='ltr'><strong>caput</strong></span> <span class='ocrx_word' id='word_1_78' title='bbox 1104 900 1245 942; x_wconf 85' lang='lat' dir='ltr'><strong>fuisse</strong></span> <span class='ocrx_word' id='word_1_79' title='bbox 1275 901 1777 959; x_wconf 89' lang='lat' dir='ltr'><strong>coniecitssoeckingius</strong></span> 
     </span>
     <span class='ocr_line' id='line_1_11' title="bbox 304 979 1778 1035; baseline -0.001 -10"><span class='ocrx_word' id='word_1_80' title='bbox 304 986 360 1025; x_wconf 88' lang='lat' dir='ltr'><strong>ad</strong></span> <span class='ocrx_word' id='word_1_81' title='bbox 392 984 487 1024; x_wconf 86' lang='lat' dir='ltr'><strong>Not.</strong></span> <span class='ocrx_word' id='word_1_82' title='bbox 519 980 673 1035; x_wconf 76' lang='lat' dir='ltr'><strong>p..138,</strong></span> <span class='ocrx_word' id='word_1_83' title='bbox 704 981 815 1021; x_wconf 89' lang='lat' dir='ltr'><strong>inter</strong></span> <span class='ocrx_word' id='word_1_84' title='bbox 845 979 1046 1021; x_wconf 90' lang='lat' dir='ltr'><strong>civitates</strong></span> <span class='ocrx_word' id='word_1_85' title='bbox 1079 979 1225 1020; x_wconf 86' lang='lat' dir='ltr'><strong>Piceni</strong></span> <span class='ocrx_word' id='word_1_86' title='bbox 1255 988 1495 1022; x_wconf 85' lang='lat' dir='ltr'><strong>enumeret.</strong></span> <span class='ocrx_word' id='word_1_87' title='bbox 1567 982 1655 1022; x_wconf 88' lang='lat' dir='ltr'><strong>lam</strong></span> <span class='ocrx_word' id='word_1_88' title='bbox 1678 983 1778 1024; x_wconf 90' lang='lat' dir='ltr'><strong>Nie-</strong></span> 
     </span>
     <span class='ocr_line' id='line_1_12' title="bbox 303 1057 1773 1115; baseline -0.002 -10"><span class='ocrx_word' id='word_1_89' title='bbox 303 1063 483 1105; x_wconf 89' lang='lat' dir='ltr'><strong>buhrius</strong></span> <span class='ocrx_word' id='word_1_90' title='bbox 521 1067 665 1102; x_wconf 87' lang='lat' dir='ltr'><strong>autem</strong></span> <span class='ocrx_word' id='word_1_91' title='bbox 706 1058 921 1115; x_wconf 86' lang='lat' dir='ltr'><strong>Chorogr.</strong></span> <span class='ocrx_word' id='word_1_92' title='bbox 953 1065 1037 1099; x_wconf 86' lang='lat' dir='ltr'><strong>ant.</strong></span> <span class='ocrx_word' id='word_1_93' title='bbox 1068 1073 1108 1112; x_wconf 88' lang='lat' dir='ltr'><strong>p.</strong></span> <span class='ocrx_word' id='word_1_94' title='bbox 1131 1057 1237 1110; x_wconf 83' lang='lat'><strong>347,</strong></span> <span class='ocrx_word' id='word_1_95' title='bbox 1280 1058 1438 1115; x_wconf 82' lang='lat' dir='ltr'><strong>fragm.</strong></span> <span class='ocrx_word' id='word_1_96' title='bbox 1472 1059 1614 1102; x_wconf 84' lang='lat' dir='ltr'><strong>Vatic.</strong></span> <span class='ocrx_word' id='word_1_97' title='bbox 1644 1061 1680 1115; x_wconf 85' lang='lat'><strong>§.</strong></span> <span class='ocrx_word' id='word_1_98' title='bbox 1703 1060 1773 1105; x_wconf 85' lang='lat'><strong>35.</strong></span> 
     </span>
     <span class='ocr_line' id='line_1_13' title="bbox 301 1136 1774 1189; baseline -0.003 -4"><span class='ocrx_word' id='word_1_99' title='bbox 301 1143 418 1185; x_wconf 88' lang='lat' dir='ltr'><strong>haud</strong></span> <span class='ocrx_word' id='word_1_100' title='bbox 452 1141 580 1182; x_wconf 88' lang='lat' dir='ltr'><strong>dubie</strong></span> <span class='ocrx_word' id='word_1_101' title='bbox 612 1152 738 1189; x_wconf 87' lang='lat' dir='ltr'><strong>usus,</strong></span> <span class='ocrx_word' id='word_1_102' title='bbox 767 1136 989 1179; x_wconf 82' lang='lat' dir='ltr'><strong>Valeriam</strong></span> <span class='ocrx_word' id='word_1_103' title='bbox 1022 1144 1065 1179; x_wconf 90' lang='lat' dir='ltr'><strong>et</strong></span> <span class='ocrx_word' id='word_1_104' title='bbox 1096 1138 1304 1179; x_wconf 88' lang='lat' dir='ltr'><strong>Picenum</strong></span> <span class='ocrx_word' id='word_1_105' title='bbox 1336 1139 1552 1180; x_wconf 85' lang='lat' dir='ltr'><strong>interdum</strong></span> <span class='ocrx_word' id='word_1_106' title='bbox 1586 1139 1645 1180; x_wconf 91' lang='lat' dir='ltr'><strong>ita</strong></span> <span class='ocrx_word' id='word_1_107' title='bbox 1671 1153 1774 1181; x_wconf 89' lang='lat' dir='ltr'><strong>con-</strong></span> 
     </span>
     <span class='ocr_line' id='line_1_14' title="bbox 300 1216 1773 1285; baseline -0.003 -21"><span class='ocrx_word' id='word_1_108' title='bbox 300 1222 420 1278; x_wconf 89' lang='lat' dir='ltr'><strong>iungi</strong></span> <span class='ocrx_word' id='word_1_109' title='bbox 453 1218 775 1285; x_wconf 81' lang='lat' dir='ltr'><strong>animadvertit,</strong></span> <span class='ocrx_word' id='word_1_110' title='bbox 806 1224 851 1258; x_wconf 90' lang='lat' dir='ltr'><strong>ut</strong></span> <span class='ocrx_word' id='word_1_111' title='bbox 882 1216 1040 1258; x_wconf 84' lang='lat' dir='ltr'><strong>Albam</strong></span> <span class='ocrx_word' id='word_1_112' title='bbox 1068 1217 1326 1259; x_wconf 91' lang='lat' dir='ltr'><strong>Fucentium</strong></span> <span class='ocrx_word' id='word_1_113' title='bbox 1355 1230 1483 1273; x_wconf 89' lang='lat' dir='ltr'><strong>quam</strong></span> <span class='ocrx_word' id='word_1_114' title='bbox 1514 1217 1584 1259; x_wconf 90' lang='lat' dir='ltr'><strong>ille</strong></span> <span class='ocrx_word' id='word_1_115' title='bbox 1616 1218 1773 1273; x_wconf 65' lang='lat' dir='ltr'><strong>priman</strong></span> 
     </span>
     <span class='ocr_line' id='line_1_15' title="bbox 300 1295 1774 1355; baseline -0.005 -12"><span class='ocrx_word' id='word_1_116' title='bbox 300 1304 408 1343; x_wconf 90' lang='lat' dir='ltr'><strong>riam</strong></span> <span class='ocrx_word' id='word_1_117' title='bbox 441 1297 695 1355; x_wconf 82' lang='lat' dir='ltr'><strong>provinciae</strong></span> <span class='ocrx_word' id='word_1_118' title='bbox 726 1295 932 1337; x_wconf 83' lang='lat' dir='ltr'><strong>Valeriae</strong></span> <span class='ocrx_word' id='word_1_119' title='bbox 968 1297 1121 1337; x_wconf 90' lang='lat' dir='ltr'><strong>urbem</strong></span> <span class='ocrx_word' id='word_1_120' title='bbox 1157 1295 1297 1338; x_wconf 88' lang='lat' dir='ltr'><strong>fuisse</strong></span> <span class='ocrx_word' id='word_1_121' title='bbox 1330 1297 1587 1347; x_wconf 76' lang='lat' dir='ltr'><strong>arbitratur,</strong></span> <span class='ocrx_word' id='word_1_122' title='bbox 1628 1297 1669 1337; x_wconf 93' lang='lat' dir='ltr'><strong>in</strong></span> <span class='ocrx_word' id='word_1_123' title='bbox 1707 1310 1774 1337; x_wconf 87' lang='lat' dir='ltr'><strong>re-</strong></span> 
     </span>
     <span class='ocr_line' id='line_1_16' title="bbox 299 1374 1773 1434; baseline -0.004 -12"><span class='ocrx_word' id='word_1_124' title='bbox 299 1380 468 1434; x_wconf 85' lang='lat' dir='ltr'><strong>scripto</strong></span> <span class='ocrx_word' id='word_1_125' title='bbox 501 1377 743 1432; x_wconf 81' lang='lat' dir='ltr'><strong>principum</strong></span> <span class='ocrx_word' id='word_1_126' title='bbox 773 1374 886 1415; x_wconf 83' lang='lat' dir='ltr'><strong>Alba</strong></span> <span class='ocrx_word' id='word_1_127' title='bbox 916 1375 963 1415; x_wconf 81' lang='lat' dir='ltr'><strong>in</strong></span> <span class='ocrx_word' id='word_1_128' title='bbox 992 1375 1151 1416; x_wconf 79' lang='lat' dir='ltr'><strong>Piceno</strong></span> <span class='ocrx_word' id='word_1_129' title='bbox 1183 1374 1446 1430; x_wconf 82' lang='lat' dir='ltr'><strong>appelletur.</strong></span> <span class='ocrx_word' id='word_1_130' title='bbox 1506 1375 1773 1416; x_wconf 88' lang='lat' dir='ltr'><strong>Universam</strong></span> 
     </span>
     <span class='ocr_line' id='line_1_17' title="bbox 299 1453 1772 1512; baseline -0.005 -11"><span class='ocrx_word' id='word_1_131' title='bbox 299 1473 390 1502; x_wconf 92' lang='lat' dir='ltr'><strong>rem</strong></span> <span class='ocrx_word' id='word_1_132' title='bbox 423 1457 602 1512; x_wconf 81' lang='lat' dir='ltr'><strong>egregie</strong></span> <span class='ocrx_word' id='word_1_133' title='bbox 618 1453 938 1497; x_wconf 84' lang='lat' dir='ltr'><strong>Mommsenius</strong></span> <span class='ocrx_word' id='word_1_134' title='bbox 964 1455 1169 1507; x_wconf 81' lang='lat' dir='ltr'><strong>exposuit</strong></span> <span class='ocrx_word' id='word_1_135' title='bbox 1198 1454 1239 1495; x_wconf 91' lang='lat' dir='ltr'><strong>in</strong></span> <span class='ocrx_word' id='word_1_136' title='bbox 1263 1454 1521 1496; x_wconf 83' lang='lat' dir='ltr'><strong>doctissimo</strong></span> <span class='ocrx_word' id='word_1_137' title='bbox 1553 1467 1772 1495; x_wconf 85' lang='lat' dir='ltr'><strong>commen·</strong></span> 
     </span>
     <span class='ocr_line' id='line_1_18' title="bbox 299 1532 1771 1587; baseline -0.005 -7"><span class='ocrx_word' id='word_1_138' title='bbox 299 1539 412 1580; x_wconf 89' lang='lat' dir='ltr'><strong>tario</strong></span> <span class='ocrx_word' id='word_1_139' title='bbox 445 1537 498 1577; x_wconf 82' lang='lat' dir='ltr'><strong>‹le</strong></span> <span class='ocrx_word' id='word_1_140' title='bbox 529 1535 651 1576; x_wconf 87' lang='lat' dir='ltr'><strong>libris</strong></span> <span class='ocrx_word' id='word_1_141' title='bbox 681 1533 949 1575; x_wconf 89' lang='lat' dir='ltr'><strong>coloniarum</strong></span> <span class='ocrx_word' id='word_1_142' title='bbox 983 1533 1202 1586; x_wconf 88' lang='lat' dir='ltr'><strong>(Gromat.</strong></span> <span class='ocrx_word' id='word_1_143' title='bbox 1234 1532 1316 1574; x_wconf 84' lang='lat' dir='ltr'><strong>vol.</strong></span> <span class='ocrx_word' id='word_1_144' title='bbox 1340 1532 1575 1587; x_wconf 79' lang='lat' dir='ltr'><strong>11.p.‘210).</strong></span> <span class='ocrx_word' id='word_1_145' title='bbox 1628 1534 1771 1580; x_wconf 88' lang='lat' dir='ltr'><strong>Quum</strong></span> 
     </span>
     <span class='ocr_line' id='line_1_19' title="bbox 300 1610 1770 1667; baseline -0.004 -9"><span class='ocrx_word' id='word_1_146' title='bbox 300 1617 413 1658; x_wconf 88' lang='lat' dir='ltr'><strong>enim</strong></span> <span class='ocrx_word' id='word_1_147' title='bbox 449 1615 551 1656; x_wconf 84' lang='lat' dir='ltr'><strong>inde</strong></span> <span class='ocrx_word' id='word_1_148' title='bbox 589 1613 643 1654; x_wconf 90' lang='lat' dir='ltr'><strong>ab</strong></span> <span class='ocrx_word' id='word_1_149' title='bbox 681 1625 796 1652; x_wconf 89' lang='lat' dir='ltr'><strong>anno</strong></span> <span class='ocrx_word' id='word_1_150' title='bbox 828 1610 922 1651; x_wconf 83' lang='lat'><strong>313.</strong></span> <span class='ocrx_word' id='word_1_151' title='bbox 958 1623 1098 1665; x_wconf 85' lang='lat' dir='ltr'><strong>usque</strong></span> <span class='ocrx_word' id='word_1_152' title='bbox 1139 1612 1193 1652; x_wconf 88' lang='lat' dir='ltr'><strong>ad</strong></span> <span class='ocrx_word' id='word_1_153' title='bbox 1226 1626 1385 1653; x_wconf 87' lang='lat' dir='ltr'><strong>annum</strong></span> <span class='ocrx_word' id='word_1_154' title='bbox 1414 1611 1509 1653; x_wconf 83' lang='lat'><strong>365.</strong></span> <span class='ocrx_word' id='word_1_155' title='bbox 1549 1625 1770 1667; x_wconf 86' lang='lat' dir='ltr'><strong>quaecun-</strong></span> 
     </span>
     <span class='ocr_line' id='line_1_20' title="bbox 298 1690 1771 1752; baseline -0.004 -15"><span class='ocrx_word' id='word_1_156' title='bbox 298 1710 383 1752; x_wconf 83' lang='lat' dir='ltr'><strong>que</strong></span> <span class='ocrx_word' id='word_1_157' title='bbox 421 1695 532 1735; x_wconf 91' lang='lat' dir='ltr'><strong>inter</strong></span> <span class='ocrx_word' id='word_1_158' title='bbox 572 1691 819 1740; x_wconf 78' lang='lat' dir='ltr'><strong>Samnium,</strong></span> <span class='ocrx_word' id='word_1_159' title='bbox 858 1691 1161 1744; x_wconf 81' lang='lat' dir='ltr'><strong>Campaniam,</strong></span> <span class='ocrx_word' id='word_1_160' title='bbox 1198 1690 1424 1741; x_wconf 82' lang='lat' dir='ltr'><strong>Tusciam,</strong></span> <span class='ocrx_word' id='word_1_161' title='bbox 1466 1690 1690 1732; x_wconf 87' lang='lat' dir='ltr'><strong>Umbriam</strong></span> <span class='ocrx_word' id='word_1_162' title='bbox 1729 1698 1771 1732; x_wconf 87' lang='lat' dir='ltr'><strong>et</strong></span> 
     </span>
     <span class='ocr_line' id='line_1_21' title="bbox 298 1755 1771 1819; baseline -0.004 -3"><span class='ocrx_word' id='word_1_163' title='bbox 298 1774 528 1817; x_wconf 81' lang='lat' dir='ltr'><strong>Aemiliam</strong></span> <span class='ocrx_word' id='word_1_164' title='bbox 566 1773 651 1813; x_wconf 87' lang='lat' dir='ltr'><strong>sita</strong></span> <span class='ocrx_word' id='word_1_165' title='bbox 692 1775 839 1819; x_wconf 88' lang='lat' dir='ltr'><strong>erant,</strong></span> <span class='ocrx_word' id='word_1_166' title='bbox 883 1782 968 1809; x_wconf 90' lang='lat' dir='ltr'><strong>uno</strong></span> <span class='ocrx_word' id='word_1_167' title='bbox 1003 1755 1243 1810; x_wconf 82' lang='lat' dir='ltr'><strong>Flaminiae</strong></span> <span class='ocrx_word' id='word_1_168' title='bbox 1275 1776 1318 1810; x_wconf 90' lang='lat' dir='ltr'><strong>et</strong></span> <span class='ocrx_word' id='word_1_169' title='bbox 1356 1769 1503 1810; x_wconf 89' lang='lat' dir='ltr'><strong>Piceni</strong></span> <span class='ocrx_word' id='word_1_170' title='bbox 1543 1770 1771 1810; x_wconf 85' lang='lat' dir='ltr'><strong>annonarii</strong></span> 
     </span>
     <span class='ocr_line' id='line_1_22' title="bbox 298 1846 1769 1902; baseline -0.004 -9"><span class='ocrx_word' id='word_1_171' title='bbox 298 1868 352 1895; x_wconf 91' lang='lat' dir='ltr'><strong>ac</strong></span> <span class='ocrx_word' id='word_1_172' title='bbox 384 1850 673 1894; x_wconf 86' lang='lat' dir='ltr'><strong>suburbicarii</strong></span> <span class='ocrx_word' id='word_1_173' title='bbox 706 1849 880 1889; x_wconf 86' lang='lat' dir='ltr'><strong>nomine</strong></span> <span class='ocrx_word' id='word_1_174' title='bbox 913 1846 1410 1901; x_wconf 81' lang='lat' dir='ltr'><strong>comprehemlerentur,</strong></span> <span class='ocrx_word' id='word_1_175' title='bbox 1439 1855 1570 1902; x_wconf 89' lang='lat' dir='ltr'><strong>atque</strong></span> <span class='ocrx_word' id='word_1_176' title='bbox 1592 1848 1692 1888; x_wconf 85' lang='lat' dir='ltr'><strong>inde</strong></span> <span class='ocrx_word' id='word_1_177' title='bbox 1714 1848 1769 1887; x_wconf 87' lang='lat' dir='ltr'><strong>ab</strong></span> 
     </span>
     <span class='ocr_line' id='line_1_23' title="bbox 297 1925 1767 1983; baseline -0.004 -11"><span class='ocrx_word' id='word_1_178' title='bbox 297 1946 413 1974; x_wconf 90' lang='lat' dir='ltr'><strong>anno</strong></span> <span class='ocrx_word' id='word_1_179' title='bbox 450 1930 543 1971; x_wconf 79' lang='lat'>365.</span> <span class='ocrx_word' id='word_1_180' title='bbox 587 1941 726 1983; x_wconf 89' lang='lat' dir='ltr'><strong>usque</strong></span> <span class='ocrx_word' id='word_1_181' title='bbox 766 1927 822 1967; x_wconf 71' lang='lat' dir='ltr'><strong>atl</strong></span> <span class='ocrx_word' id='word_1_182' title='bbox 859 1939 1018 1966; x_wconf 86' lang='lat' dir='ltr'><strong>annum</strong></span> <span class='ocrx_word' id='word_1_183' title='bbox 1057 1925 1150 1967; x_wconf 87' lang='lat'><strong>399.</strong></span> <span class='ocrx_word' id='word_1_184' title='bbox 1191 1925 1276 1966; x_wconf 71' lang='lat' dir='ltr'><strong>(luo</strong></span> <span class='ocrx_word' id='word_1_185' title='bbox 1321 1927 1578 1979; x_wconf 89' lang='lat' dir='ltr'><strong>provinciae</strong></span> <span class='ocrx_word' id='word_1_186' title='bbox 1614 1927 1767 1968; x_wconf 88' lang='lat' dir='ltr'><strong>iisdem</strong></span> 
     </span>
     <span class='ocr_line' id='line_1_24' title="bbox 296 2003 1768 2060; baseline -0.005 -7"><span class='ocrx_word' id='word_1_187' title='bbox 296 2010 543 2053; x_wconf 88' lang='lat' dir='ltr'><strong>nominibus</strong></span> <span class='ocrx_word' id='word_1_188' title='bbox 578 2007 952 2055; x_wconf 77' lang='lat' dir='ltr'><strong>discernerentur,</strong></span> <span class='ocrx_word' id='word_1_189' title='bbox 981 2004 1081 2044; x_wconf 83' lang='lat' dir='ltr'><strong>inde</strong></span> <span class='ocrx_word' id='word_1_190' title='bbox 1109 2004 1163 2044; x_wconf 86' lang='lat' dir='ltr'><strong>ab</strong></span> <span class='ocrx_word' id='word_1_191' title='bbox 1182 2017 1220 2044; x_wconf 89' lang='lat' dir='ltr'><strong>a.</strong></span> <span class='ocrx_word' id='word_1_192' title='bbox 1239 2003 1333 2047; x_wconf 85' lang='grc'><strong>399.</strong></span> <span class='ocrx_word' id='word_1_193' title='bbox 1366 2006 1518 2047; x_wconf 84' lang='lat' dir='ltr'><strong>Sabini</strong></span> <span class='ocrx_word' id='word_1_194' title='bbox 1541 2006 1768 2060; x_wconf 86' lang='lat' dir='ltr'><strong>Marsique</strong></span> 
     </span>
     <span class='ocr_line' id='line_1_25' title="bbox 297 2082 1768 2142; baseline -0.003 -12"><span class='ocrx_word' id='word_1_195' title='bbox 297 2089 517 2130; x_wconf 87' lang='lat' dir='ltr'><strong>Valeriam</strong></span> <span class='ocrx_word' id='word_1_196' title='bbox 556 2087 827 2142; x_wconf 87' lang='lat' dir='ltr'><strong>provinciam</strong></span> <span class='ocrx_word' id='word_1_197' title='bbox 867 2082 1130 2132; x_wconf 83' lang='lat' dir='ltr'><strong>effecerunt,</strong></span> <span class='ocrx_word' id='word_1_198' title='bbox 1172 2083 1334 2124; x_wconf 89' lang='lat' dir='ltr'><strong>Piceno</strong></span> <span class='ocrx_word' id='word_1_199' title='bbox 1367 2083 1407 2124; x_wconf 91' lang='lat' dir='ltr'><strong>in</strong></span> <span class='ocrx_word' id='word_1_200' title='bbox 1438 2085 1626 2126; x_wconf 86' lang='lat' dir='ltr'><strong>artiores</strong></span> <span class='ocrx_word' id='word_1_201' title='bbox 1656 2084 1768 2126; x_wconf 88' lang='lat' dir='ltr'><strong>fines</strong></span> 
     </span>
     <span class='ocr_line' id='line_1_26' title="bbox 295 2162 1768 2218; baseline -0.003 -10"><span class='ocrx_word' id='word_1_202' title='bbox 295 2168 490 2209; x_wconf 83' lang='lat' dir='ltr'><strong>redacto.</strong></span> <span class='ocrx_word' id='word_1_203' title='bbox 549 2165 660 2206; x_wconf 90' lang='lat' dir='ltr'><strong>Hinc</strong></span> <span class='ocrx_word' id='word_1_204' title='bbox 692 2163 942 2206; x_wconf 89' lang='lat' dir='ltr'><strong>certissimo</strong></span> <span class='ocrx_word' id='word_1_205' title='bbox 974 2170 1234 2218; x_wconf 87' lang='lat' dir='ltr'><strong>argumento</strong></span> <span class='ocrx_word' id='word_1_206' title='bbox 1266 2162 1477 2217; x_wconf 86' lang='lat' dir='ltr'><strong>colligere</strong></span> <span class='ocrx_word' id='word_1_207' title='bbox 1507 2162 1632 2214; x_wconf 86' lang='lat' dir='ltr'><strong>licet,</strong></span> <span class='ocrx_word' id='word_1_208' title='bbox 1671 2176 1768 2205; x_wconf 87' lang='lat' dir='ltr'><strong>ver-</strong></span> 
     </span>
     <span class='ocr_line' id='line_1_27' title="bbox 294 2240 1769 2296; baseline -0.003 -10"><span class='ocrx_word' id='word_1_209' title='bbox 294 2245 362 2287; x_wconf 90' lang='lat' dir='ltr'><strong>bis</strong></span> <span class='ocrx_word' id='word_1_210' title='bbox 391 2246 437 2285; x_wconf 83' lang='lat' dir='ltr'><strong>in</strong></span> <span class='ocrx_word' id='word_1_211' title='bbox 467 2245 625 2285; x_wconf 80' lang='lat' dir='ltr'><strong>Piceno</strong></span> <span class='ocrx_word' id='word_1_212' title='bbox 657 2257 683 2285; x_wconf 90' lang='lat' dir='ltr'><strong>a</strong></span> <span class='ocrx_word' id='word_1_213' title='bbox 716 2242 837 2284; x_wconf 90' lang='lat' dir='ltr'><strong>Plinii</strong></span> <span class='ocrx_word' id='word_1_214' title='bbox 880 2248 1026 2283; x_wconf 86' lang='lat' dir='ltr'><strong>aetate</strong></span> <span class='ocrx_word' id='word_1_215' title='bbox 1064 2240 1342 2284; x_wconf 87' lang='lat' dir='ltr'><strong>alienissimis</strong></span> <span class='ocrx_word' id='word_1_216' title='bbox 1380 2256 1433 2283; x_wconf 89' lang='lat' dir='ltr'><strong>eo</strong></span> <span class='ocrx_word' id='word_1_217' title='bbox 1464 2249 1661 2296; x_wconf 86' lang='lat' dir='ltr'><strong>tempore</strong></span> <span class='ocrx_word' id='word_1_218' title='bbox 1697 2255 1769 2282; x_wconf 87' lang='lat' dir='ltr'><strong>ac-</strong></span> 
     </span>
     <span class='ocr_line' id='line_1_28' title="bbox 295 2321 1766 2375; baseline -0.003 -10"><span class='ocrx_word' id='word_1_219' title='bbox 295 2324 491 2365; x_wconf 89' lang='lat' dir='ltr'><strong>curatius</strong></span> <span class='ocrx_word' id='word_1_220' title='bbox 529 2323 676 2364; x_wconf 91' lang='lat' dir='ltr'><strong>Velini</strong></span> <span class='ocrx_word' id='word_1_221' title='bbox 713 2321 837 2363; x_wconf 89' lang='lat' dir='ltr'><strong>lacus</strong></span> <span class='ocrx_word' id='word_1_222' title='bbox 880 2322 1007 2362; x_wconf 89' lang='lat' dir='ltr'><strong>situm</strong></span> <span class='ocrx_word' id='word_1_223' title='bbox 1047 2321 1230 2362; x_wconf 85' lang='lat' dir='ltr'><strong>indicari</strong></span> <span class='ocrx_word' id='word_1_224' title='bbox 1268 2328 1470 2375; x_wconf 86' lang='lat' dir='ltr'><strong>coeptum</strong></span> <span class='ocrx_word' id='word_1_225' title='bbox 1509 2334 1635 2370; x_wconf 89' lang='lat' dir='ltr'><strong>esse,</strong></span> <span class='ocrx_word' id='word_1_226' title='bbox 1680 2333 1766 2375; x_wconf 89' lang='lat' dir='ltr'><strong>quo</strong></span> 
     </span>
     <span class='ocr_line' id='line_1_29' title="bbox 295 2400 1767 2458; baseline -0.003 -13"><span class='ocrx_word' id='word_1_227' title='bbox 295 2416 403 2458; x_wconf 84' lang='lat' dir='ltr'><strong>ager</strong></span> <span class='ocrx_word' id='word_1_228' title='bbox 435 2403 651 2444; x_wconf 88' lang='lat' dir='ltr'><strong>Reatinus</strong></span> <span class='ocrx_word' id='word_1_229' title='bbox 679 2402 736 2442; x_wconf 87' lang='lat' dir='ltr'><strong>ad</strong></span> <span class='ocrx_word' id='word_1_230' title='bbox 759 2401 962 2441; x_wconf 86' lang='lat' dir='ltr'><strong>Picenum</strong></span> <span class='ocrx_word' id='word_1_231' title='bbox 989 2400 1259 2453; x_wconf 86' lang='lat' dir='ltr'><strong>provinciam</strong></span> <span class='ocrx_word' id='word_1_232' title='bbox 1292 2401 1562 2454; x_wconf 81' lang='lat' dir='ltr'><strong>pertinebat,</strong></span> <span class='ocrx_word' id='word_1_233' title='bbox 1594 2406 1637 2440; x_wconf 93' lang='lat' dir='ltr'><strong>et</strong></span> <span class='ocrx_word' id='word_1_234' title='bbox 1666 2406 1767 2440; x_wconf 87' lang='lat' dir='ltr'><strong>ante</strong></span> 
     </span>
     <span class='ocr_line' id='line_1_30' title="bbox 293 2478 1768 2538; baseline -0.003 -15"><span class='ocrx_word' id='word_1_235' title='bbox 293 2496 422 2538; x_wconf 85' lang='lat' dir='ltr'><strong>quam</strong></span> <span class='ocrx_word' id='word_1_236' title='bbox 453 2495 476 2522; x_wconf 94' lang='lat' dir='ltr'><strong>a</strong></span> <span class='ocrx_word' id='word_1_237' title='bbox 510 2482 672 2523; x_wconf 90' lang='lat' dir='ltr'><strong>Piceno</strong></span> <span class='ocrx_word' id='word_1_238' title='bbox 703 2478 885 2520; x_wconf 82' lang='lat' dir='ltr'><strong>Valeria</strong></span> <span class='ocrx_word' id='word_1_239' title='bbox 921 2486 1226 2533; x_wconf 87' lang='lat' dir='ltr'><strong>separaretur.</strong></span> <span class='ocrx_word' id='word_1_240' title='bbox 1284 2478 1460 2532; x_wconf 84' lang='lat' dir='ltr'><strong>Scripta</strong></span> <span class='ocrx_word' id='word_1_241' title='bbox 1498 2487 1598 2520; x_wconf 90' lang='lat' dir='ltr'><strong>sunt</strong></span> <span class='ocrx_word' id='word_1_242' title='bbox 1637 2478 1768 2534; x_wconf 90' lang='lat' dir='ltr'><strong>igitur</strong></span> 
     </span>
     <span class='ocr_line' id='line_1_31' title="bbox 292 2554 1767 2609; baseline -0.003 -7"><span class='ocrx_word' id='word_1_243' title='bbox 292 2563 404 2602; x_wconf 90' lang='lat' dir='ltr'><strong>inter</strong></span> <span class='ocrx_word' id='word_1_244' title='bbox 442 2574 603 2602; x_wconf 90' lang='lat' dir='ltr'><strong>annum</strong></span> <span class='ocrx_word' id='word_1_245' title='bbox 639 2558 734 2600; x_wconf 84' lang='lat'><strong>313.</strong></span> <span class='ocrx_word' id='word_1_246' title='bbox 774 2565 818 2599; x_wconf 89' lang='lat' dir='ltr'><strong>et</strong></span> <span class='ocrx_word' id='word_1_247' title='bbox 851 2557 955 2609; x_wconf 81' lang='lat'><strong>399,</strong></span> <span class='ocrx_word' id='word_1_248' title='bbox 1003 2557 1198 2600; x_wconf 86' lang='lat' dir='ltr'><strong>fortasse</strong></span> <span class='ocrx_word' id='word_1_249' title='bbox 1244 2558 1356 2598; x_wconf 88' lang='lat' dir='ltr'><strong>inter</strong></span> <span class='ocrx_word' id='word_1_250' title='bbox 1395 2571 1434 2599; x_wconf 88' lang='lat' dir='ltr'><strong>a.</strong></span> <span class='ocrx_word' id='word_1_251' title='bbox 1458 2555 1553 2597; x_wconf 83' lang='lat'><strong>365.</strong></span> <span class='ocrx_word' id='word_1_252' title='bbox 1593 2563 1636 2596; x_wconf 89' lang='lat' dir='ltr'><strong>et</strong></span> <span class='ocrx_word' id='word_1_253' title='bbox 1672 2554 1767 2597; x_wconf 86' lang='lat'><strong>399.</strong></span> 
     </span>
     <span class='ocr_line' id='line_1_32' title="bbox 291 2634 1767 2694; baseline -0.003 -14"><span class='ocrx_word' id='word_1_254' title='bbox 291 2640 422 2687; x_wconf 82' lang='lat' dir='ltr'><strong>Quod</strong></span> <span class='ocrx_word' id='word_1_255' title='bbox 449 2640 669 2681; x_wconf 90' lang='lat' dir='ltr'><strong>inventum</strong></span> <span class='ocrx_word' id='word_1_256' title='bbox 688 2644 895 2694; x_wconf 90' lang='lat' dir='ltr'><strong>quantum</strong></span> <span class='ocrx_word' id='word_1_257' title='bbox 914 2637 968 2677; x_wconf 87' lang='lat' dir='ltr'><strong>ad</strong></span> <span class='ocrx_word' id='word_1_258' title='bbox 987 2636 1216 2679; x_wconf 88' lang='lat' dir='ltr'><strong>historiam</strong></span> <span class='ocrx_word' id='word_1_259' title='bbox 1246 2636 1453 2678; x_wconf 89' lang='lat' dir='ltr'><strong>librorum</strong></span> <span class='ocrx_word' id='word_1_260' title='bbox 1474 2634 1767 2676; x_wconf 89' lang='lat' dir='ltr'><strong>Plinianorum</strong></span> 
     </span>
     <span class='ocr_line' id='line_1_33' title="bbox 290 2713 1766 2772; baseline -0.005 -11"><span class='ocrx_word' id='word_1_261' title='bbox 290 2720 541 2761; x_wconf 87' lang='lat' dir='ltr'><strong>accuratius</strong></span> <span class='ocrx_word' id='word_1_262' title='bbox 558 2716 910 2772; x_wconf 82' lang='lat' dir='ltr'><strong>investigandam</strong></span> <span class='ocrx_word' id='word_1_263' title='bbox 923 2716 1147 2767; x_wconf 88' lang='lat' dir='ltr'><strong>conferat,</strong></span> <span class='ocrx_word' id='word_1_264' title='bbox 1168 2729 1282 2758; x_wconf 87' lang='lat' dir='ltr'><strong>nunc</strong></span> <span class='ocrx_word' id='word_1_265' title='bbox 1298 2715 1521 2757; x_wconf 86' lang='lat' dir='ltr'><strong>indicasse</strong></span> <span class='ocrx_word' id='word_1_266' title='bbox 1541 2715 1651 2756; x_wconf 87' lang='lat' dir='ltr'><strong>satis</strong></span> <span class='ocrx_word' id='word_1_267' title='bbox 1671 2713 1766 2755; x_wconf 89' lang='lat' dir='ltr'><strong>erit.</strong></span> 
     </span>
     <span class='ocr_line' id='line_1_34' title="bbox 210 2793 1766 2852; baseline -0.004 -13"><span class='ocrx_word' id='word_1_268' title='bbox 210 2800 265 2841; x_wconf 88' lang='grc'><strong>43</strong></span> <span class='ocrx_word' id='word_1_269' title='bbox 400 2798 446 2839; x_wconf 89' lang='lat' dir='ltr'><strong>In</strong></span> <span class='ocrx_word' id='word_1_270' title='bbox 482 2799 680 2852; x_wconf 84' lang='lat' dir='ltr'><strong>proximo</strong></span> <span class='ocrx_word' id='word_1_271' title='bbox 713 2797 936 2839; x_wconf 86' lang='lat' dir='ltr'><strong>enuntiato</strong></span> <span class='ocrx_word' id='word_1_272' title='bbox 973 2797 1111 2838; x_wconf 87' lang='lat' dir='ltr'><strong>verba</strong></span> <span class='ocrx_word' id='word_1_273' title='bbox 1143 2794 1292 2835; x_wconf 77' lang='lat' dir='ltr'><strong>ultra</strong></span> <span class='ocrx_word' id='word_1_274' title='bbox 1321 2793 1642 2836; x_wconf 79' lang='lat' dir='ltr'><strong>Surrentum</strong></span> <span class='ocrx_word' id='word_1_275' title='bbox 1679 2805 1766 2833; x_wconf 88' lang='lat' dir='ltr'><strong>non</strong></span> 
     </span>
    </p>
   </div>
   <div class='ocr_carea' id='block_1_3' title="bbox 1878 1838 1914 3237">
    <p class='ocr_par' dir='ltr' id='par_1_3' title="bbox 1878 1838 1914 3237">
     <span class='ocr_line' id='line_1_35' title="bbox 1878 1838 1914 3237; baseline 0 0"><span class='ocrx_word' id='word_1_276' title='bbox 1878 1838 1914 3237; x_wconf 95' lang='lat' dir='ltr'><strong> </strong></span> 
     </span>
    </p>
   </div>
  </div>
 </body>
</html>
