1914 3237
771 186 890 224 Liber
919 185 1035 225 XVI.
1598 181 1623 224 5

225 313 488 364 Praeterea
507 319 619 364 sunt
654 313 843 377 aliquae
865 313 1132 371 silvestres,
1169 313 1291 362 aliae
1315 312 1622 377 placidioreS‚

228 417 351 466 quae
386 402 515 451 culta
550 401 782 450 obtinent.
838 403 935 449 Iam
969 401 1018 448 in
1055 400 1327 449 montuosis
1364 399 1623 464 planisque

225 490 428 548 distant,
486 489 611 540 siout
656 491 704 537 et
755 504 878 537 sexu
922 503 1082 537 mares
1120 502 1177 536 ac
1220 486 1456 546 feminae,
1509 488 1624 536 item

225 591 418 641 sapore.

267 710 655 766 Interpunctionem
687 710 796 750 male
830 709 880 750 ab
904 710 1006 750 Iano
1030 708 1090 750 ita
1105 713 1310 750 mutatam
1329 721 1424 750 esse
1454 712 1501 749 ut
1529 712 1625 763 post

150 792 398 840 placidiores
435 789 557 844 plene
592 788 889 843 distingueret,
943 787 1080 828 verbis
1111 787 1393 842 Theophrasti
1422 785 1623 827 efficitur:

154 867 231 922 τὴν
277 868 357 921 μὲν
397 866 559 923 ἥμερον
600 868 782 908 καλοῦσι
826 866 903 922 τὴν
942 866 977 907 δ’
1016 863 1175 920 ἆγρίαν
1215 864 1266 907 οὐ
1307 869 1356 924 τῇ
1398 864 1625 919 γλυκύτητι

153 949 230 988 τοῦ
261 948 432 1001 καρποῦ
451 945 739 1001 διαιροῦντες.
770 943 881 986 ἀλλὰ
904 947 962 1001 τῷ
998 944 1166 998 μᾶλλον
1183 940 1230 985 ἐν
1253 948 1343 992 τοῖς
1369 940 1624 999 ἐργασίμοις

155 1020 352 1078 φύεσθαι
373 1022 451 1077 τὴν
482 1022 530 1064 δὲ
561 1022 701 1076 φηγὸν
825 1018 873 1063 ἐν
901 1026 991 1070 τοῖς
1031 1019 1229 1077 ὀρεινοῖς.
1273 1021 1437 1062 Eadem
1468 1033 1626 1075 genera

154 1107 448 1141 montuosorum
482 1104 772 1151 planorumque
814 1099 1053 1140 nominibus
1092 1099 1429 1154 distinguuntur3
1480 1098 1623 1153 itaque

154 1177 278 1218 huius
296 1191 447 1218 sensus
468 1177 655 1218 subiecta
675 1182 771 1218 sunt
787 1191 915 1217 mares
939 1191 989 1218 ac
1008 1179 1190 1230 feminae,
1222 1191 1329 1232 quae
1362 1177 1471 1218 sicut
1503 1190 1622 1229 sexu,

154 1256 211 1297 ita
229 1256 356 1296 etiam
369 1269 519 1310 sapore
533 1254 702 1296 distant.
734 1255 1006 1295 Feminarum
1029 1255 1140 1296 enim
1171 1255 1354 1296 fructum
1383 1255 1622 1296 uberiorem

158 1338 199 1375 et
228 1334 444 1374 meliorem
470 1347 563 1374 esse
595 1332 745 1374 eodem
769 1334 860 1374 loco
879 1332 1197 1388 Theophrastus
1220 1333 1464 1375 tradiderat.
1496 1332 1624 1373 Nulla

153 1412 282 1466 igitur
318 1411 656 1467 interpunctione
687 1410 914 1466 legendum
965 1415 1052 1452 est:
1087 1444 1116 1453 ..
1149 1415 1298 1452 distant
1326 1415 1429 1452 sicut
1458 1418 1495 1451 et
1522 1424 1622 1452 sexu

152 1503 282 1530 mares
313 1503 362 1530 ac
389 1493 561 1539 feminae
598 1494 685 1530 item
724 1502 882 1541 sapore.
941 1490 1052 1531 Male
1085 1489 1238 1540 deinde
1268 1491 1305 1545 §.
1337 1491 1402 1534 17.
1433 1489 1620 1530 futurum

155 1571 321 1623 tempus
354 1571 635 1619 distinyuemus
665 1581 687 1609 e
718 1567 839 1610 codd.
870 1582 895 1609 a
927 1567 953 1608 d
991 1568 1034 1608 in
1063 1581 1266 1622 praesens
1300 1582 1325 1609 a
1356 1568 1442 1609 Sill.
1471 1569 1505 1611 Ι.
1529 1581 1619 1608 mu-

152 1649 286 1686 tatum
318 1649 395 1686 est.

769 1787 1006 1843 18=6,7.

212 1905 248 1954 F
251 1920 398 1968 agum
433 1904 649 1954 muribus
684 1904 1025 1969 gratissimam.
1096 1903 1184 1954 Est

149 2024 240 2066 cod.
273 2038 309 2078 a,
340 2028 611 2075 qratissz'mum
642 2037 725 2065 esse
754 2023 793 2076 d,
824 2023 936 2065 unde
953 2024 1042 2068 Sill.
1072 2037 1230 2078 veram,
1261 2029 1308 2066 ut
1337 2025 1408 2077 ait,
1440 2025 1617 2080 scriptu-

148 2116 236 2143 ram
268 2103 527 2158 composuit:
588 2102 747 2158 ‚fagum
778 2103 967 2143 muribus
1009 2103 1293 2159 gratissimam
1326 2117 1421 2144 esse
1436 2105 1459 2155 ,‘
1505 2103 1617 2145 unde

148 2181 414 2222 accusativus
445 2194 539 2222 cum
569 2180 774 2222 infinitivo
807 2185 929 2235 aptus
962 2182 1028 2234 sit,
1060 2180 1200 2222 dicere
1232 2181 1383 2222 omisit.
1414 2181 1565 2222 Melius
1583 2183 1614 2224 I.

148 2259 307 2314 ,fagum
342 2287 390 2291 —-
422 2259 708 2314 gratissimum
748 2260 854 2311 est,‘
916 2259 1166 2300 vocabulum
1212 2272 1261 2300 eo
1303 2273 1431 2300 sensu
1462 2273 1616 2301 novum

151 2336 351 2391 effingere
392 2350 531 2379 ausus.
598 2336 829 2378 Manifesto
878 2337 1014 2391 prima
1054 2337 1275 2392 proximae
1323 2338 1437 2379 vocis
1476 2338 1617 2379 littera

149 2414 294 2454 ultima
334 2414 495 2469 primae
535 2419 732 2470 corrupta
776 2419 817 2455 et
855 2414 953 2456 huic
993 2415 1188 2457 adiectivi
1236 2429 1358 2457 casus
1405 2416 1514 2456 male
1546 2430 1613 2457 ac-

147 2491 442 2533 commodatus
473 2492 563 2533 fuit.
624 2492 902 2534 Scribendum
934 2497 1019 2534 est:

525 2574 649 2621 fagus
677 2574 855 2612 muribus
881 2575 1108 2621 yracissima
1139 2581 1206 2614 est.

256 2647 399 2689 Verbo
437 2662 589 2689 moneo
632 2650 666 2703 ξ.
700 2648 765 2691 20.
805 2652 943 2691 robori
991 2664 1085 2691 cum
1129 2650 1220 2693 cod.
1265 2649 1291 2690 d
1328 2664 1413 2692 non
1443 2655 1614 2706 propter

147 2725 270 2767 huius
290 2726 445 2768 codicis
473 2727 782 2780 auctoritatem,
814 2727 889 2769 sed
908 2732 1081 2784 propter
1110 2732 1345 2770 structurae
1376 2743 1612 2785 congruen-

147 2803 248 2845 tiam
276 2818 351 2859 pro
380 2809 539 2847 roboris
568 2805 833 2847 scribendum
866 2819 974 2848 esse.

1648 1802 1729 1850 256
