1914 3237
731 193 847 231 Lz'ber
870 193 1011 231 XVII.
1547 189 1600 231 29

137 322 178 362 in
211 321 416 363 ACUTIS
447 336 522 378 pro
553 320 800 363 ACERUIS
832 321 1085 374 suppletum.
1147 320 1307 361 Eodem
1341 321 1432 362 loco
1463 321 1599 362 Theo-

135 399 294 454 phrasti
341 400 474 440 levius
517 401 558 440 in
606 399 808 453 proximis
845 397 983 438 verbis
1030 398 1228 438 mendum
1277 399 1589 441 demonstratur

134 476 258 525 Quod
288 478 398 517 enim
429 477 498 517 ille
542 476 775 518 tradiderat
811 476 1029 531 βραχύβια
1069 476 1116 516 δὲ
1147 479 1220 516 καὶ
1262 473 1471 530 ἀμπέλων
1501 476 1598 520 ἔνια

131 559 231 610 γένη
262 558 335 596 καὶ
362 554 552 608 μάλιστα
582 556 636 596 τὰ
669 554 958 609 πολύκαρπα,
989 553 1030 594 id
1059 553 1221 593 Plinius
1254 553 1394 595 dativo
1429 568 1598 610 expres-

132 632 185 672 sit
204 644 228 671 a
251 646 314 672 VV.
347 631 610 684 ,brevissima
630 632 717 672 vita
750 633 827 671 est‘
858 636 969 685 apto.
1001 630 1197 671 Delenda
1225 631 1353 685 igitur
1383 639 1447 673 est
1479 647 1597 687 prae-

131 710 284 764 positio
310 714 364 762 in,
390 724 412 751 e
444 711 636 765 proxima
665 710 806 750 littera
836 723 869 749 m
900 709 1094 763 repetita.

654 823 747 870 245
786 833 835 854 =
874 823 948 877 44,
988 822 1063 868 93.
1628 812 1709 854 300

198 920 243 967 in
280 919 454 978 abiete,
500 918 647 967 larice
685 918 827 968 stelin
878 918 993 967 dicit
1029 918 1233 967 Euboea
1268 921 1403 968 nasci
1438 949 1498 956 —
1537 950 1594 959 —

191 1006 595 1072 Copiosissimum
629 1006 674 1055 in
713 1022 898 1071 quercu
934 1007 1209 1072 adasphear
1244 1015 1437 1058 vocant.

232 1094 279 1137 ἐν
309 1100 404 1144 ταῖς
442 1091 617 1143 ἐλάταις
653 1099 726 1136 καὶ
755 1095 937 1143 πεύκαις
981 1095 1261 1150 Theophrast.
1302 1109 1414 1137 caus.
1456 1098 1510 1152 pl.
1540 1099 1594 1139 ΙΙ.

127 1174 191 1217 17.
230 1177 261 1225 l,
291 1173 404 1214 unde
437 1173 548 1228 apud
578 1172 762 1212 Plinium
793 1173 943 1227 copula
974 1181 1010 1213 et
1040 1187 1062 1213 e
1092 1174 1174 1213 fine
1204 1175 1318 1214 vocis
1338 1176 1595 1229 praeceden-

127 1251 180 1291 tis
198 1251 363 1292 videtur
382 1251 615 1306 repetenda
634 1265 747 1303 esse;
779 1265 815 1291 v.
839 1255 1071 1302 adasphear
1101 1252 1251 1291 eodem
1282 1252 1372 1292 loco
1391 1258 1432 1293 et
1463 1255 1594 1295 altero

127 1329 221 1370 hist.
253 1330 380 1384 plant.
411 1330 486 1371 III.
520 1331 581 1372 16.
616 1331 630 1371 l
687 1330 940 1384 comparatis
971 1331 1011 1370 in
1046 1334 1228 1370 Arcades
1259 1334 1439 1382 hyphear
1470 1334 1594 1374 corri-

126 1408 256 1462 gitur,
288 1408 494 1449 restitutis
528 1422 635 1462 quae
660 1408 701 1449 in
734 1407 879 1449 codice
910 1407 1138 1463 archetypo
1168 1409 1413 1450 exciderant
1444 1411 1593 1452 litteris

125 1500 210 1527 (ινσ.
243 1485 439 1527 Ceterum
482 1491 594 1527 recte
632 1486 879 1527 Harduinus
918 1501 953 1527 v.
990 1492 1083 1538 piro
1123 1501 1144 1528 e
1184 1488 1275 1528 cod.
1325 1502 1349 1528 a
1386 1490 1591 1544 scriptura

120 1569 248 1616 primo
279 1565 476 1619 vulgatae
508 1578 639 1616 pruno
670 1577 779 1620 quae
811 1578 834 1605 a
865 1564 950 1605 Sill.
992 1572 1033 1607 et
1063 1566 1152 1606 Ian.
1187 1567 1414 1607 etiamnum
1451 1580 1590 1608 serva-

124 1648 210 1694 tur,
271 1643 498 1685 substituit.
574 1643 643 1685 Sic
695 1644 804 1684 enim
853 1644 1035 1698 loquitur
1081 1644 1352 1685 Dioscorides
1398 1645 1472 1686 ΠΙ.
1518 1646 1590 1689 93;

123 1725 288 1773 γίνεται
329 1723 378 1764 δὲ
416 1726 489 1764 καὶ
522 1719 568 1764 ἐκ
598 1724 758 1777 μηλέας
788 1725 861 1763 καὶ
897 1720 1032 1764 ἀπίου
1066 1722 1138 1763 rel.
1190 1722 1337 1764 Finem
1370 1724 1460 1764 libri
1494 1739 1588 1779 pro-

121 1799 308 1854 ximique
339 1801 501 1841 initium
534 1802 575 1841 in
607 1800 934 1842 chrestomathia
965 1800 1155 1841 tractavi.

719 1944 821 1993 ΜΒ.
858 1944 986 1992 ΧἮΙ.

722 2058 751 2105 3
788 2075 831 2093 =
871 2059 911 2115 1,
952 2058 993 2104 1.
1617 2062 1694 2104 301

183 2152 598 2203 Nobilissimarum
660 2156 877 2220 gentium
946 2156 1112 2215 anum,
1179 2155 1384 2206 Crassus
1439 2163 1585 2223 atque

184 2243 435 2302 Domitius,
474 2259 729 2293 censuram
764 2250 875 2309 post
900 2244 1183 2293 consulatus
1203 2245 1343 2294 simul
1364 2262 1584 2310 gessere.

228 2331 293 2371 De
324 2331 467 2372 Crassi
506 2337 547 2372 et
580 2333 763 2372 Domitio
809 2333 943 2387 iurgio
987 2346 1031 2373 se
1069 2338 1334 2374 narraturum
1375 2348 1470 2375 esse
1500 2336 1585 2377 Pli-

116 2409 210 2449 nius
242 2409 325 2449 iam
356 2410 392 2462 ξ.
430 2415 444 2451 l
478 2410 693 2464 professus
727 2415 827 2451 erat.
887 2411 999 2451 Dum
1035 2416 1175 2452 autem
1205 2411 1354 2452 domus
1386 2427 1509 2468 quam
1543 2415 1583 2455 in

116 2487 276 2528 Palatio
298 2486 475 2528 Crassus
487 2488 745 2542 possidebat,
760 2491 1017 2529 mentionem
1034 2488 1148 2542 facit,
1170 2490 1303 2530 obiter
1321 2491 1582 2545 pulchriores

116 2565 255 2606 Catuli
273 2566 515 2621 Aquiliique
547 2566 695 2607 domus
725 2566 857 2607 fuisse
881 2567 1066 2621 tradidit,
1098 2567 1152 2608 ad
1170 2570 1367 2608 Crassum
1397 2569 1461 2610 his
1493 2584 1583 2611 ver-

113 2643 177 2684 bis
207 2644 353 2685 rediit:
408 2658 516 2697 ,cum
557 2649 698 2685 tamen
739 2644 906 2685 obiecta
936 2644 1090 2687 Crasso
1133 2660 1210 2686 sua
1252 2649 1340 2687 est‘
1399 2647 1579 2696 Quinam

114 2721 238 2776 igitur
277 2723 430 2775 ,ambo‘
477 2723 534 2763 illi
575 2728 740 2776 essent,
798 2723 969 2765 minime
1008 2725 1096 2764 fieri
1141 2729 1306 2779 poterat
1352 2731 1396 2766 ut
1436 2741 1579 2781 quem-

113 2814 237 2855 quam
269 2802 500 2856 legentium
532 2801 696 2843 lateret.
758 2802 892 2844 Aliter
922 2807 1065 2845 tamen
1094 2803 1128 2843 is
1159 2803 1360 2846 iudicavit
1392 2804 1461 2859 qui
1493 2819 1577 2846 me-
