1914 3237
783 164 903 203 Liber
924 164 1148 205 XXXVII.
1627 160 1708 204 245

353 295 447 335 Duo
486 308 645 350 genera
682 309 707 336 a
738 294 881 336 Solino
912 295 977 338 20.
1011 295 1059 338 13
1089 295 1380 347 nominantur,
1421 294 1630 346 ,melleum
1669 298 1711 335 et

242 371 499 426 Falernum‘,
530 373 674 428 itaque
704 373 833 415 verba
863 374 918 426 ,in
953 374 1117 429 quibus‘
1149 374 1218 414 rel.
1251 373 1305 414 ad
1335 372 1533 414 melleum
1563 372 1711 413 referri

241 455 440 505 apparet,
480 453 539 492 sic
570 451 825 493 ordinanda:
857 460 894 492 et
921 456 960 492 in
984 455 1125 502 quihus
1155 455 1308 492 decocta·
1348 476 1386 480 -<
1415 456 1585 501 placeat.
1645 450 1711 492 Ex

241 527 391 569 eodem
409 527 541 570 solini
570 530 662 571 loco
694 530 760 573 20.
794 532 842 573 11
875 536 916 571 et
949 530 1074 571 Plinii
1103 530 1334 571 narrationi
1365 528 1523 584 aliquid
1554 528 1710 570 addere

239 605 359 659 licet,
392 612 433 648 et
462 621 606 648 rursus
640 608 829 649 Solinum
861 608 1034 650 ePlinio
1055 608 1294 649 emendare.
1327 607 1497 649 Scilicet
1514 607 1709 662 glaebam

238 684 354 725 illam
385 685 493 726 XIII
522 686 721 728 librarum
753 687 790 742 §.
820 687 874 731 46
905 701 930 728 a
962 686 1270 728 Germanorum
1310 699 1411 740 rege
1462 685 1572 727 dono
1610 686 1709 727 mis-

240 775 330 803 sam
377 777 471 805 esse
503 765 670 806 Solinus
718 779 915 807 narrasse
956 765 1122 807 videtur
1157 764 1222 805 his
1264 764 1424 805 verbis:
1484 777 1593 816 ,cum
1635 777 1711 819 per

237 839 350 880 idem
382 845 548 896 tempus
587 842 790 884 tredecim
820 844 935 885 milia
971 843 1170 884 librarum
1207 856 1284 884 rex
1313 842 1567 884 Germaniae
1598 841 1708 884 dono

239 919 278 959 ei
307 919 496 974 miserit‘,
525 933 633 976 quae
664 921 699 961 si
727 925 841 962 recte
872 934 917 962 se
947 921 1169 971 haberent,
1199 934 1327 976 quum
1347 933 1503 975 parvae
1522 934 1545 961 e
1563 920 1708 962 sucino

236 997 446 1052 imagines
477 998 666 1039 vivorum
696 999 912 1040 hominum
952 999 1088 1054 pretia
1119 1012 1376 1054 exsuperare
1408 997 1600 1039 dicantur
1632 998 1709 1052 (cf.

237 1075 343 1117 Plin.
375 1076 414 1130 ἓ.
443 1076 536 1131 49),
581 1079 737 1119 iustam
784 1078 871 1119 fere
903 1090 1116 1118 servorum
1160 1078 1372 1132 legionem
1403 1076 1559 1117 donum
1605 1076 1723 1118 illuds

238 1159 479 1209 aequasset.
539 1153 684 1207 Quod,
727 1156 761 1195 si
792 1170 828 1198 v.
861 1156 1002 1208 ,milia‘
1036 1169 1089 1197 ex
1118 1156 1265 1197 ultima
1307 1155 1487 1210 proximi
1518 1154 1710 1196 vocabuli

237 1232 379 1273 littera
407 1232 634 1286 repetitum
665 1246 759 1274 esse
790 1238 976 1275 statuere
994 1235 1103 1287 licet,
1136 1235 1333 1289 suppleta
1361 1247 1464 1274 voce
1485 1233 1708 1288 ,glaebam‘

237 1310 291 1352 ad
309 1311 473 1352 civilem
490 1310 661 1352 modum
675 1311 900 1353 reducitur.
932 1312 1059 1367 Apud
1083 1312 1265 1353 Plinium
1299 1316 1439 1353 autem
1471 1311 1583 1352 hunc
1615 1325 1708 1352 sen-

236 1403 327 1430 sum
359 1389 484 1441 ,dono
516 1404 541 1430 a
572 1389 826 1431 Germaniae
856 1404 956 1445 rege
988 1391 1174 1432 missam‘
1218 1390 1426 1431 excidisse
1458 1390 1706 1445 putaverim,

235 1468 302 1508 cui
333 1468 601 1509 coniecturae
630 1474 677 1509 ut
707 1469 749 1509 in
781 1469 933 1511 ceteris
964 1469 1080 1510 libris
1120 1468 1388 1510 damnandae
1419 1468 1460 1508 in
1491 1468 1571 1509 hoc
1600 1467 1706 1509 libro

235 1546 374 1586 locum
405 1545 580 1586 concedi
621 1547 713 1600 quis
745 1550 809 1586 est
851 1547 920 1602 qui
949 1560 1108 1602 negare
1146 1546 1277 1588 velit?
1334 1546 1529 1602 Denique
1558 1559 1707 1587 vocem

235 1638 364 1665 verum
396 1624 576 1678 margini
605 1623 700 1665 libri
729 1623 765 1664 B
795 1639 820 1666 a
850 1625 1142 1667 recentissima
1172 1638 1321 1676 manu,
1361 1638 1383 1665 e
1414 1624 1630 1666 codicibus
1660 1629 1707 1666 ut

233 1707 334 1758 puto
364 1701 653 1757 interpolatis,
699 1704 906 1745 immerito
938 1703 1126 1745 additam
1158 1717 1252 1745 esse
1294 1703 1392 1744 inde
1434 1703 1706 1758 consequitur

235 1780 348 1836 quod
379 1780 514 1835 prima
545 1780 685 1821 littera
715 1782 829 1823 vocis
849 1785 936 1823 Hoc
957 1782 1116 1823 maiore
1135 1781 1411 1837 amplitudine
1442 1785 1568 1836 atque
1596 1781 1707 1822 ultra

233 1863 479 1900 contextum
510 1864 705 1914 porrecta
736 1874 890 1902 novum
923 1865 1051 1915 caput
1081 1860 1201 1916 sequi
1232 1859 1558 1902 demonstratur.

579 1975 639 2019 55
662 1986 712 2004 =
735 1973 860 2028 4‚15.
915 1972 1004 2031 (de
1042 1972 1349 2031 adamante).
1731 1988 1814 2031 336

302 2087 355 2094 -
398 2058 461 2106 ita
499 2057 837 2123 appellabatur
871 2060 973 2108 auri
1009 2060 1170 2110 nodus
1207 2060 1252 2107 in
1293 2058 1501 2108 metallis
1539 2074 1706 2124 reper-

301 2152 376 2196 tus
416 2162 650 2211 perquam
686 2162 808 2204 raro,
846 2162 1013 2197 comes
1050 2148 1180 2206 auri,
1238 2163 1330 2196 nec
1366 2148 1457 2196 nisi
1502 2148 1548 2196 in
1586 2163 1702 2200 auro

298 2236 434 2285 nasci
469 2235 743 2284 videbatur.

342 2335 447 2375 Auri
485 2334 643 2375 nodum
682 2334 806 2375 Plinii
857 2336 986 2376 errori
1027 2335 1172 2376 tribuit
1220 2335 1290 2390 qui
1321 2348 1345 2375 a
1377 2334 1464 2376 Sill.
1505 2310 1704 2376 laudatur

232 2412 440 2454 Pinderus
472 2413 524 2454 de
556 2412 691 2453 adam.
724 2427 760 2468 p.
793 2414 860 2466 47,
906 2414 1022 2453 illum
1056 2416 1164 2454 enim
1196 2412 1387 2453 Platonis
1418 2412 1548 2454 verba
1580 2426 1603 2454 e
1632 2412 1702 2453 Ti-

231 2505 352 2532 maeo
398 2505 438 2546 p.
470 2491 522 2533 59
552 2497 714 2547 χρυσοῦ
766 2491 862 2542 ὄζος
905 2492 1014 2533 male
1054 2492 1377 2546 interpretatum
1425 2504 1532 2532 esse.
1593 2490 1703 2539 Quid

229 2583 328 2610 vero
360 2569 497 2610 Plinio
529 2583 623 2610 cum
654 2569 859 2611 Timaeo?
917 2570 1058 2625 Atque
1090 2574 1273 2610 erratum
1320 2573 1385 2610 est
1414 2569 1529 2610 haud
1560 2550 1702 2622 dubie,

229 2661 367 2702 neque
400 2652 543 2688 tamen
576 2661 600 2688 a
631 2648 768 2688 Plinio
800 2647 876 2688 sed
908 2661 932 2689 a
963 2648 1157 2690 librariis.
1216 2647 1370 2689 Verbis
1402 2648 1513 2689 enim
1544 2660 1701 2709 ,comes

230 2726 333 2766 auri‘
381 2739 490 2781 quae
521 2725 675 2766 desunt
704 2726 746 2766 in
777 2725 812 2766 B
852 2739 901 2767 co
933 2739 1014 2781 quo
1054 2727 1181 2781 vulgo
1220 2727 1418 2781 leguntur
1457 2727 1549 2767 loco
1593 2740 1702 2782 quae

227 2804 489 2859 praecedunt
515 2817 708 2860 quaeque
740 2811 974 2860 sequuntur
1003 2805 1179 2846 moleste
1210 2810 1478 2860 repetuntur3
1528 2819 1636 2861 quae
1667 2805 1701 2847 si
