1914 3237
753 147 885 189 Liber
911 148 998 190 IX.
1535 143 1615 186 153

146 270 236 313 vll.
256 286 295 326 p.
313 270 392 312 301
412 271 446 312 Ε
468 273 581 327 sqq.)
614 278 656 313 et
685 271 726 312 in
757 283 930 312 oceano
963 269 1182 310 Gaditano
1215 266 1612 324 frequentissimum

147 365 250 392 esse
291 351 321 392 it
374 365 513 404 genus
550 351 758 404 piscium,
808 348 862 390 cf.
891 349 1054 390 Strabo
1082 350 1146 391 ΙΙΙ.
1176 364 1217 403 p.
1241 348 1333 388 145.
1408 345 1502 388 Tali
1539 359 1615 386 au-

145 436 230 471 tem
277 429 466 471 ablativo
512 427 736 478 absoluto,
786 429 860 469 ubi
901 427 1062 468 nullum
1106 427 1381 480 participium
1427 426 1614 473 additur,

146 509 187 549 in
228 508 375 562 primis
413 505 656 546 delectatur
694 505 880 558 PliniuS,
922 505 1079 558 veluti,
1122 512 1168 545 ut
1199 519 1328 545 unum
1361 519 1440 558 pro
1472 503 1616 544 multis

147 584 393 638 exemplum
434 583 642 637 afferam,
688 582 926 624 le.188.
973 581 1118 636 „alias
1168 583 1335 622 cortice
1376 582 1616 623 inextrica-

146 663 247 704 bili“
276 662 477 716 legimus,
507 661 580 702 vel
612 661 993 702 accommodatius
1026 661 1155 701 etiam
1188 658 1472 700 XXX1V.37.
1504 660 1618 709 „sim

147 742 348 796 gulorum
394 755 565 797 quoque
611 740 910 795 inexplicabili
959 739 1282 783 multitudine.“
1359 737 1620 792 Significant

144 821 276 875 igitur
293 822 430 862 verba
453 821 494 862 in
512 819 769 875 parenthesi
797 819 1020 873 ponenda,
1054 817 1364 859 multitudinem
1385 816 1558 872 quidem
1578 822 1621 856 et

147 899 256 941 alias
285 900 326 940 in
360 899 535 954 thynnis
571 906 734 938 tantam
767 897 965 952 conspici
1003 905 1208 952 quantam
1246 898 1288 938 in
1320 896 1478 937 belluis
1508 895 1620 936 Indi-

149 994 244 1020 cum
276 992 395 1019 mare
425 978 643 1020 ostendat.

256 1081 408 1134 Itaque
447 1086 566 1118 totus
602 1077 726 1118 locus
757 1091 892 1119 sanus
924 1076 1166 1132 salvusque
1198 1077 1459 1127 remanebit,
1488 1076 1621 1117 'dum-

147 1158 276 1198 modo
308 1157 350 1198 in
378 1157 495 1197 hunc
525 1157 698 1198 modum
730 1157 1086 1211 interpungatur:

208 1259 371 1300 belluas
401 1272 496 1298 cum
523 1255 727 1315 fluctibns
756 1256 935 1296 volvunt
972 1255 1038 1311 (et
1069 1256 1178 1297 alias
1209 1263 1333 1297 tanta
1363 1256 1624 1311 thynnorum

206 1335 524 1392 multitudine),
556 1342 606 1376 ut
634 1336 781 1393 magni
811 1335 942 1376 Alex.
976 1334 1055 1376 rel.

260 1440 612 1495 Insequentibus
634 1439 669 1495 ξ.
690 1439 754 1479 10.
784 1441 894 1480 satis
925 1439 1072 1479 mirari
1103 1452 1292 1494 nequeo,
1323 1453 1403 1480 eur
1431 1438 1626 1493 Silligius

150 1521 548 1574 interpunctionem
590 1517 860 1571 Dalecampii
899 1524 940 1558 et
980 1516 1192 1558 Harduini
1238 1531 1366 1571 quam
1403 1518 1624 1573 antiquam

151 1598 337 1639 Barbari
375 1606 417 1638 et
455 1596 651 1645 Gelenii,
696 1608 822 1649 quam
862 1602 905 1636 et
945 1594 1174 1636 Gesnerus
1214 1596 1418 1649 probavit
1460 1604 1502 1636 et
1542 1610 1624 1650 ego

152 1677 345 1718 nondum
375 1674 588 1729 inspectis
621 1675 840 1715 veteribus
871 1674 1085 1728 exemplis
1123 1682 1281 1729 sponte
1322 1676 1626 1727 restituebam,

154 1756 281 1810 sequi
310 1754 522 1796 maluerit.
560 1754 778 1795 Narratur
807 1755 865 1795 ibi
883 1754 1058 1795 Tiberio
1083 1754 1282 1809 principe
1309 1754 1349 1795 in
1382 1756 1626 1797 Santonum

154 1835 284 1877 litore
315 1834 487 1876 belluas
517 1840 724 1888 repertas
758 1846 879 1883 esse,

221 1935 445 1998 interque
490 1933 704 1998 reliquas
752 1933 1039 1997 elephantos
1087 1940 1135 1980 et
1180 1932 1358 1981 arietes
1418 1934 1629 1982 candore

224 2031 407 2072 tantum
432 2023 658 2071 cornibus
692 2022 1006 2083 adsimulatis,
1039 2023 1279 2071 Nereidas
1299 2041 1416 2073 vero
1440 2026 1629 2072 multas.

225 2115 499 2164 Turranius
529 2114 760 2180 prodidit,
795 2115 1047 2178 expulsam
1078 2115 1285 2162 belluam
1314 2115 1362 2162 in
1385 2115 1631 2164 Gaditano

224 2207 368 2255 litore
403 2212 484 2253 rel.

269 2320 334 2360 Ita
362 2327 484 2360 recte
516 2317 765 2373 interpungi
793 2324 835 2358 et
857 2318 1109 2371 scripturae
1129 2318 1323 2359 varietas
1345 2317 1522 2371 indicat,
1549 2332 1635 2373 qua

161 2399 202 2439 in
238 2397 457 2438 nonnullis
495 2397 642 2448 codd,
683 2395 815 2436 veluti
852 2395 898 2445 M
931 2395 1227 2450 Daleeampii‚
1273 2411 1399 2451 quem
1439 2396 1634 2450 Silligius

163 2492 185 2518 1·
216 2477 432 2529 nominat,
470 2475 541 2516 hie
568 2489 674 2516 vero
708 2474 867 2516 afferre
897 2475 1115 2530 neglexit,
1157 2484 1199 2517 et
1230 2476 1431 2526 Barbari,
1463 2477 1637 2517 additur

163 2572 289 2606 ver0,
321 2563 364 2597 et
392 2556 627 2597 verborum
658 2563 879 2596 structura
908 2556 1166 2597 necessario
1198 2556 1407 2609 postulat.
1450 2556 1497 2597 Si
1522 2556 1636 2596 enim

164 2635 458 2689 incipiendum
502 2641 623 2675 esset
670 2647 695 2673 a
739 2634 886 2674 verbis
936 2633 1156 2674 Nereidas
1192 2649 1292 2674 vero
1335 2634 1493 2674 multas
1534 2635 1635 2675 Tur.

165 2714 376 2770 prodidit,
422 2721 734 2768 expectaretur
772 2712 976 2768 profecto
1015 2727 1094 2754 seu
1129 2714 1310 2754 verbum
1347 2727 1428 2754 seu
1459 2713 1635 2767 copula,

169 2807 310 2847 neque
339 2793 399 2834 ita
432 2793 674 2834 continuari
704 2791 859 2833 liceret
891 2792 1155 2833 orationem:
1186 2791 1408 2848 expulsam
1439 2791 1636 2832 belluam.
