1914 3237
234 174 303 217 54·
812 172 931 212 Liber
957 171 1124 212 XVIII.

290 326 340 331 —
372 307 527 354 lonqius
557 307 753 353 leviusque
780 312 849 344 aut
879 305 1034 343 brevius
1063 309 1100 342 ec
1127 304 1348 351 rotundius,
1379 304 1586 342 candidius
1615 305 1700 352 niq-

289 386 422 422 rz’usve
454 384 553 421 velut
587 394 795 432 purpura:
835 388 892 422 est
930 384 1172 422 utilissimum
1211 382 1267 419 ad
1295 383 1519 430 polentam,
1559 387 1700 420 contra

291 466 534 511 tempestates
564 462 644 499 etc.

127 588 209 632 350
807 576 871 625 80
908 591 961 611 =
997 575 1121 632 7‚18.

303 704 359 711 —
388 675 522 739 quod
557 674 602 723 in
625 673 884 738 Hispaniae
923 672 1213 736 Carthagine
1244 701 1294 707 -
1323 673 1582 724 collectum
1604 679 1706 734 est;

237 767 276 804 ἱη
309 766 506 814 Hispania
538 761 629 804 cod.
663 775 688 802 a
715 761 949 802 rectissime
981 759 1142 812 scribit,
1184 773 1267 814 qua
1306 761 1486 802 lectione
1535 767 1706 816 recepta

238 841 343 882 alter
373 840 582 881 ablativus
612 840 655 880 in
687 838 951 894 appositione
983 836 1184 879 accedere
1215 838 1426 892 putandus
1457 844 1542 891 est,
1589 839 1707 880 cuius

239 918 406 974 generis
425 918 621 972 exempla
642 916 919 970 Grasbergeri
937 930 975 971 p.
999 915 1051 958 56
1069 914 1278 957 industria
1307 917 1486 958 collecta
1507 917 1707 972 reperies.

132 1067 210 1111 351
811 1049 872 1096 89
909 1063 963 1083 =
999 1049 1125 1104 9,20.

307 1145 443 1211 panis
482 1161 597 1196 vero
650 1164 675 1195 e
721 1147 886 1196 modio
932 1144 1219 1210 similaginis
1257 1145 1445 1205 CXXII,
1499 1164 1524 1196 e
1578 1147 1709 1197 floris

307 1234 472 1284 modio
512 1233 680 1284 CXVII
725 1235 927 1294 (iustum
967 1239 1041 1283 est
1074 1233 1283 1289 redire).

352 1322 591 1364 Ridiculam
621 1321 709 1362 fere
733 1336 976 1364 mensuram
1005 1322 1056 1363 iis
1089 1334 1196 1377 quae
1226 1322 1488 1376 praecedunt
1518 1336 1711 1379 quaeque

242 1406 474 1457 sequuntur
515 1401 769 1455 comparatis
808 1400 970 1455 corrige
1010 1400 1052 1440 in
1095 1404 1127 1440 P
1161 1403 1210 1449 (τ’.
1242 1413 1272 1441 e.
1305 1400 1465 1455 pondo)
1510 1403 1641 1441 XXII
1672 1406 1714 1441 et

246 1484 277 1519 Ρ
306 1482 348 1519 Χ
358 1482 447 1521 VII.
507 1477 707 1520 Ceterum
746 1492 854 1534 quae
893 1479 1034 1519 statim
1072 1478 1296 1532 exponitur
1343 1478 1570 1531 ‚distinctio
1609 1485 1711 1520 tem·
1759 1529 1761 1533 f

242 1570 345 1613 pore
375 1556 422 1598 L.
453 1556 573 1598 Pauli
614 1558 727 1596 nata‘
769 1556 824 1597 ad
863 1556 1002 1611 legem
1033 1555 1294 1598 Scriboniam
1334 1557 1641 1598 alimentariam
1671 1570 1708 1598 a.

247 1634 424 1677 DCOIV
453 1635 648 1690 pertinet.

135 1770 216 1815 352
812 1753 872 1798 99
910 1777 963 1796 z
1004 1752 1157 1808 1033.

311 1848 371 1898 Et
406 1847 512 1912 ipsa
545 1853 706 1897 autem
743 1864 868 1912 quae
906 1845 1182 1897 evall'untur
1221 1850 1396 1899 variam
1429 1851 1711 1915 pisturarum

309 1936 545 1986 rationem
581 1935 775 1985 habent.
815 1937 951 1985 Acus
989 1924 1201 1995 vocatur,
1241 1954 1348 1986 cuni
1386 1953 1472 2003 per
1508 1953 1561 1987 se
1598 1938 1714 2003 pisi-

311 2029 388 2073 tur
423 2024 574 2088 spica,
608 2029 792 2072 tantum
830 2040 903 2073 aui
917 2023 1077 2073 ilicum
1114 2024 1175 2072 ad
1214 2040 1343 2074 usus.

354 2112 508 2153 Nescio
540 2125 612 2152 cur
642 2111 834 2152 codicum
863 2112 986 2153 lectio
1014 2116 1277 2162 pistrinarum
1300 2113 1582 2167 (pristinarum
1600 2126 1625 2153 a
1649 2116 1709 2163 Θ)

246 2204 272 2232 a
307 2190 405 2231 viris
445 2189 580 2231 doctis
628 2195 771 2243 spreta
809 2190 882 2243 sit,
933 2190 1171 2232 liberiorem
1210 2191 1320 2232 enim
1360 2191 1545 2246 genetivi
1589 2204 1711 2232 usum

244 2268 427 2310 Plinium
458 2266 681 2308 adamasse
713 2273 896 2321 constat3
938 2268 1090 2310 deinde
1121 2277 1293 2321 tcznttme,
1334 2274 1378 2309 ut
1408 2268 1501 2320 XV²
1540 2269 1587 2311 18
1616 2282 1710 2310 cum

245 2360 309 2387 VV.
336 2359 411 2396 per
439 2358 481 2385 se
511 2345 854 2400 coniungendum
888 2351 964 2387 est.

137 2486 218 2530 353
796 2459 887 2506 108
922 2472 976 2492 =
1015 2459 1170 2515 1128.

312 2544 586 2594 Cribroruni
623 2560 806 2608 genera
831 2544 953 2593 Galli
981 2561 1008 2594 e
1029 2545 1177 2594 saetis
1201 2559 1438 2608 equorum
1464 2545 1711 2601 invenere,

314 2631 516 2695 Hispani
554 2648 578 2679 e
620 2632 713 2681 lino
760 2662 810 2667 —
850 2634 1113 2697 Aegyptus
1152 2649 1177 2682 e
1215 2647 1400 2697 papyro
1438 2631 1520 2680 rel.

356 2719 488 2759 Recte
520 2720 646 2760 Ianus
677 2720 895 2773 regionum
929 2721 1102 2761 nomina
1132 2721 1298 2776 populis
1329 2718 1567 2769 substituit,
1599 2717 1713 2759 codi-

250 2796 367 2838 cibus
398 2796 698 2850 obtcmpcrans
725 2798 931 2852 simulque
952 2798 1225 2840 concinnitati
1247 2797 1448 2839 orationis
1477 2795 1713 2838 consulens.
