1914 3237
279 146 334 186 72
902 144 1035 188 Liber
1065 146 1121 188 V.

281 268 607 324 porrigebatur,
638 267 847 322 oppidum
864 281 972 310 vero
995 268 1203 312 Canobus
1232 271 1367 314 totius
1396 272 1592 327 regionis
1618 282 1754 330 caput

282 344 487 398 (Ptolem.
512 343 586 388 lv.
610 342 723 399 59)
769 345 891 388 CXX
932 348 1087 390 stadiis
1127 348 1401 392 Alexandria
1440 352 1652 404 distabat,
1695 353 1751 397 cf.

283 423 578 467 Strab.xv11.
600 422 743 477 p.801.
803 424 975 468 Deinde
1001 427 1186 482 Libyam
1228 442 1327 470 eum
1360 429 1548 472 Mareoti
1586 439 1755 474 temere

281 503 401 558 apud
420 502 601 544 Plinium
631 502 840 544 confundi
871 505 1147 548 manifestum
1181 514 1261 548 est.
1320 508 1501 551 Scilicet
1531 517 1624 552 tres
1656 509 1755 552 fue-

283 589 384 623 runt
422 581 539 622 nomi
581 582 652 636 qui
690 581 794 623 loco
831 590 986 624 nostro
1027 584 1155 625 sicuti
1191 584 1322 640 vulgo
1352 586 1512 642 legitur
1549 588 1757 643 distingui

283 668 531 716 nequeunt:
559 659 860 702 Alexandriae
885 661 1009 715 regio
1046 676 1158 716 quae
1184 662 1492 720 Ἀλεξανδρέων
1515 665 1757 720 χώρας-’νο-

281 739 364 794 μός
388 752 415 780 a
434 738 688 779 Ptolemaeo
710 737 958 792 appellatur
981 739 1231 796 additisque
1252 744 1399 785 verbis
1420 742 1493 786 καὶ
1510 743 1762 798 μητρόπολις

283 818 340 859 ab
372 818 482 858 urbe
509 816 774 858 discernitur
805 816 930 859 1V.5.
946 816 1016 868 46,
1048 816 1220 872 Libyae
1247 834 1407 861 nomus
1436 823 1489 862 ib.
1505 821 1574 863 31.
1601 829 1645 864 et
1660 822 1757 863 Ma-

281 896 423 938 reotis
453 896 508 936 ib.
534 894 603 936 34.
662 895 956 936 Scribendum
989 904 1057 936 est
1085 896 1238 949 igitur,
1268 899 1509 940 mutatione
1537 906 1610 941 aut
1639 899 1759 941 nulla

281 983 357 1016 aut
386 973 557 1028 perlevi
589 972 736 1013 facta:
1206 977 1208 979 “

281 1052 565 1103 Μωιεὶαἰῑεη,
583 1050 889 1092 Alexandriae
915 1054 1069 1110 region
1082 1067 1177 1104 em,
1208 1054 1308 1094 item
1336 1054 1515 1110 Libyae,
1534 1057 1760 1100 Mareotis,

399 1131 455 1172 Et
484 1131 698 1189 reqionem
727 1131 901 1185 quidem
921 1131 1038 1186 apud
1057 1130 1319 1174 Martianum
1337 1133 1562 1188 Capellam
1577 1134 1614 1176 V
1621 1136 1648 1179 1.
1663 1136 1762 1180 676.

282 1211 484 1265 legimus.
1142 1201 1143 1205 ’

873 1290 936 1338 53
958 1314 1003 1332 Ξ
1025 1291 1072 1352 9,
1098 1291 1178 1339 10.

353 1390 559 1456 (Nilus)
589 1390 720 1438 cisoa
744 1390 1061 1439 clarissimam
1089 1408 1255 1440 earum
1280 1391 1620 1459 (insularum)
1654 1393 1762 1442 Me-

352 1498 474 1529 roen
503 1482 774 1529 Astobores
810 1482 947 1530 laevo
979 1482 1115 1530 alveo
1153 1482 1329 1543 dictus,
1366 1481 1511 1549 [hoc
1541 1490 1635 1531 est
1668 1499 1763 1531 ra-

352 1587 477 1619 mus
524 1580 713 1635 aquae
758 1571 1074 1620 venientis
1120 1590 1147 1621 e
1194 1571 1536 1639 tenebris]‚
1586 1573 1762 1622 dextra

353 1679 471 1711 vero
525 1662 792 1725 Astosapes
840 1659 1029 1729 [quod
1074 1662 1297 1711 lateris
1340 1663 1762 1728 significatio-

353 1769 483 1801 nem
520 1751 771 1820 adiicit]
808 1757 892 1799 rel.

399 1842 535 1884 Modo
568 1856 727 1884 nomen
756 1843 948 1898 Astapus
977 1842 1178 1894 „illarum
1209 1843 1400 1899 gentium
1431 1842 1579 1898 lingua
1604 1857 1763 1899 aquam

287 1935 313 1963 e
362 1921 557 1962 tenebris
607 1921 898 1975 profluentem
915 1926 942 1946 ‘⁴
990 1921 1243 1976 significare
1292 1922 1536 1964 tradiderat
1580 1922 1763 1966 Plinius.

291 2000 463 2048 Quodsi
494 2000 625 2056 igitur
653 1998 893 2041 Astabores
921 2001 1012 2054 (ita
1044 2000 1156 2042 enim
1186 2001 1257 2043 vel
1288 2000 1534 2042 Astaboras
1562 2002 1763 2043 scriben-

290 2080 390 2120 dum
419 2080 510 2133 est)
539 2079 638 2121 talis
667 2092 810 2134 aquae
840 2092 1006 2120 ramum
1031 2080 1286 2131 indicasset,
1317 2094 1385 2121 res
1403 2078 1469 2121 vel
1491 2093 1565 2120 ras
1596 2093 1764 2121 ramum

289 2157 573 2212 significaret.
633 2157 815 2200 Ferrem
850 2158 938 2199 hoc
979 2159 1197 2214 equidem.
1256 2158 1365 2200 Tum
1395 2171 1503 2200 vero
1532 2157 1767 2214 Astosapes

290 2237 386 2279 sive
418 2235 667 2289 Astasobas‚
700 2238 1066 2292 quemadmodum
1089 2251 1114 2279 a
1132 2238 1353 2280 Strabone
1364 2236 1482 2278 XVI.
1505 2252 1544 2291 p.
1560 2237 1656 2278 771.
1685 2250 1764 2278 vo-

291 2323 437 2366 catur,
482 2322 605 2357 esset
650 2315 806 2357 dexter
849 2330 998 2358 ramus
1044 2330 1185 2373 aquae
1227 2317 1444 2358 venientis
1483 2330 1507 2357 e
1553 2315 1764 2364 tenebris,

291 2409 422 2450 quum
459 2402 602 2436 tamen
637 2401 679 2436 et
709 2395 847 2450 Astap
878 2419 928 2427 —
960 2397 985 2436 i.
1005 2410 1041 2438 e.
1072 2398 1195 2451 prior
1223 2395 1410 2450 ingentis
1440 2394 1628 2436 nominis
1659 2406 1766 2448 pars

291 2473 486 2515 mutilata
517 2474 574 2513 sit
606 2482 648 2515 et
683 2474 824 2515 altera
867 2489 981 2529 quae
1011 2488 1177 2516 ramum
1208 2480 1391 2516 sonaret
1425 2486 1609 2528 prorsus
1645 2472 1765 2513 exci-

295 2552 418 2594 derit.
497 2551 630 2607 Atqui
670 2551 849 2595 Solinus
892 2569 929 2597 c.
956 2555 1022 2596 32.
1063 2556 1246 2609 primum
1292 2560 1457 2593 tantum
1499 2550 1765 2592 vocabulum

294 2631 485 2685 Astapus
502 2631 817 2685 interpretatus
838 2641 916 2675 est.
975 2634 1139 2675 Lusum
1167 2633 1296 2687 igitur
1322 2631 1507 2672 hominis
1532 2628 1763 2671 semidocti

295 2709 667 2764 deprehendimus
705 2712 776 2766 qui
816 2720 858 2754 et
892 2712 988 2767 ipse
1029 2712 1291 2766 Aethiopica
1337 2710 1473 2751 verba
1518 2707 1764 2762 intelligere

297 2789 379 2832 sibi
409 2789 534 2831 visus
567 2796 647 2830 est.
