<?xml version="1.0" encoding="UTF-8"?>
<!DOCTYPE html PUBLIC "-//W3C//DTD XHTML 1.0 Transitional//EN"
    "http://www.w3.org/TR/xhtml1/DTD/xhtml1-transitional.dtd">
<html xmlns="http://www.w3.org/1999/xhtml" xml:lang="en" lang="en">
 <head>
  <title>
</title>
<meta http-equiv="Content-Type" content="text/html;charset=utf-8" />
  <meta name='ocr-system' content='tesseract 3.04.00' />
  <meta name='ocr-capabilities' content='ocr_page ocr_carea ocr_par ocr_line ocrx_word'/>
</head>
<body>
  <div class='ocr_page' id='page_1' title='image "./vindiciaeplinian00urliuoft_0098.png"; bbox 0 0 1914 3237; ppageno 0'>
   <div class='ocr_carea' id='block_1_1' title="bbox 178 280 255 320">
    <p class='ocr_par' dir='ltr' id='par_1_1' title="bbox 178 280 255 320">
     <span class='ocr_line' id='line_1_1' title="bbox 178 280 255 320; baseline 0 0"><span class='ocrx_word' id='word_1_1' title='bbox 178 280 255 320; x_wconf 89' lang='grc'><strong>124</strong></span> 
     </span>
    </p>
   </div>
   <div class='ocr_carea' id='block_1_2' title="bbox 166 2243 245 2283">
    <p class='ocr_par' dir='ltr' id='par_1_2' title="bbox 166 2243 245 2283">
     <span class='ocr_line' id='line_1_2' title="bbox 166 2243 245 2283; baseline 0.013 -1"><span class='ocrx_word' id='word_1_2' title='bbox 166 2243 245 2283; x_wconf 79' lang='grc'><strong>125</strong></span> 
     </span>
    </p>
   </div>
   <div class='ocr_carea' id='block_1_3' title="bbox 279 152 1133 195">
    <p class='ocr_par' dir='ltr' id='par_1_3' title="bbox 279 152 1133 195">
     <span class='ocr_line' id='line_1_3' title="bbox 279 152 1133 195; baseline 0 0"><span class='ocrx_word' id='word_1_3' title='bbox 279 152 335 195; x_wconf 84' lang='grc'><strong>94</strong></span> <span class='ocrx_word' id='word_1_4' title='bbox 890 152 1020 194; x_wconf 81' lang='lat' dir='ltr'><strong>Liber</strong></span> <span class='ocrx_word' id='word_1_5' title='bbox 1052 152 1095 195; x_wconf 90' lang='lat' dir='ltr'><em>V</em></span> <span class='ocrx_word' id='word_1_6' title='bbox 1097 154 1119 194; x_wconf 93' lang='grc'><strong><em>1</em></strong></span> <span class='ocrx_word' id='word_1_7' title='bbox 1125 188 1133 195; x_wconf 93' lang='grc'><strong>.</strong></span> 
     </span>
    </p>
   </div>
   <div class='ocr_carea' id='block_1_4' title="bbox 346 275 1743 519">
    <p class='ocr_par' dir='ltr' id='par_1_4' title="bbox 346 275 1743 519">
     <span class='ocr_line' id='line_1_4' title="bbox 844 275 1173 337; baseline 0.003 -14"><span class='ocrx_word' id='word_1_8' title='bbox 844 275 909 324; x_wconf 85' lang='lat'><strong>92</strong></span> <span class='ocrx_word' id='word_1_9' title='bbox 929 300 974 318; x_wconf 92' lang='lat'>=</span> <span class='ocrx_word' id='word_1_10' title='bbox 995 277 1074 337; x_wconf 80' lang='lat'><strong>23,</strong></span> <span class='ocrx_word' id='word_1_11' title='bbox 1094 277 1173 326; x_wconf 85' lang='lat'><strong>25.</strong></span> 
     </span>
     <span class='ocr_line' id='line_1_5' title="bbox 346 363 1743 427; baseline 0.005 -18"><span class='ocrx_word' id='word_1_12' title='bbox 346 363 489 410; x_wconf 86' lang='lat' dir='ltr'><strong>Haec</strong></span> <span class='ocrx_word' id='word_1_13' title='bbox 521 363 656 427; x_wconf 81' lang='lat' dir='ltr'><strong>regio</strong></span> <span class='ocrx_word' id='word_1_14' title='bbox 689 373 764 412; x_wconf 88' lang='lat' dir='ltr'><strong>est</strong></span> <span class='ocrx_word' id='word_1_15' title='bbox 794 381 857 413; x_wconf 74' lang='lat' dir='ltr'><strong>ex</strong></span> <span class='ocrx_word' id='word_1_16' title='bbox 894 366 1100 415; x_wconf 87' lang='lat' dir='ltr'><strong>adverso</strong></span> <span class='ocrx_word' id='word_1_17' title='bbox 1138 366 1528 427; x_wconf 81' lang='lat' dir='ltr'><strong>Bactrianorum,</strong></span> <span class='ocrx_word' id='word_1_18' title='bbox 1566 368 1743 416; x_wconf 88' lang='lat' dir='ltr'><strong>deinde</strong></span> 
     </span>
     <span class='ocr_line' id='line_1_6' title="bbox 346 452 1652 519; baseline 0.005 -19"><span class='ocrx_word' id='word_1_19' title='bbox 346 452 483 501; x_wconf 90' lang='lat' dir='ltr'><strong>cuius</strong></span> <span class='ocrx_word' id='word_1_20' title='bbox 521 455 750 519; x_wconf 90' lang='lat' dir='ltr'><strong>oppidum</strong></span> <span class='ocrx_word' id='word_1_21' title='bbox 780 457 1080 505; x_wconf 82' lang='lat' dir='ltr'>Alexandria</span> <span class='ocrx_word' id='word_1_22' title='bbox 1117 474 1144 505; x_wconf 88' lang='lat' dir='ltr'><strong>a</strong></span> <span class='ocrx_word' id='word_1_23' title='bbox 1173 458 1424 506; x_wconf 84' lang='lat' dir='ltr'><strong>conditore</strong></span> <span class='ocrx_word' id='word_1_24' title='bbox 1456 458 1652 506; x_wconf 88' lang='lat' dir='ltr'><strong>dictum.</strong></span> 
     </span>
    </p>
   </div>
   <div class='ocr_carea' id='block_1_5' title="bbox 270 573 1745 2108">
    <p class='ocr_par' dir='ltr' id='par_1_5' title="bbox 271 573 1745 1490">
     <span class='ocr_line' id='line_1_7' title="bbox 392 573 1745 633; baseline 0.001 -18"><span class='ocrx_word' id='word_1_25' title='bbox 392 573 536 615; x_wconf 84' lang='lat' dir='ltr'><strong>Docte</strong></span> <span class='ocrx_word' id='word_1_26' title='bbox 569 575 623 617; x_wconf 86' lang='lat' dir='ltr'><strong>de</strong></span> <span class='ocrx_word' id='word_1_27' title='bbox 655 584 842 630; x_wconf 88' lang='lat' dir='ltr'><strong>quatuor</strong></span> <span class='ocrx_word' id='word_1_28' title='bbox 882 577 1088 631; x_wconf 82' lang='lat' dir='ltr'><strong>satrapiis</strong></span> <span class='ocrx_word' id='word_1_29' title='bbox 1127 591 1240 631; x_wconf 88' lang='lat' dir='ltr'><strong>quae</strong></span> <span class='ocrx_word' id='word_1_30' title='bbox 1274 577 1362 620; x_wconf 87' lang='lat' dir='ltr'><strong>hoc</strong></span> <span class='ocrx_word' id='word_1_31' title='bbox 1397 578 1542 633; x_wconf 88' lang='lat' dir='ltr'><strong>capite</strong></span> <span class='ocrx_word' id='word_1_32' title='bbox 1578 577 1745 620; x_wconf 86' lang='lat' dir='ltr'><strong>descri-</strong></span> 
     </span>
     <span class='ocr_line' id='line_1_8' title="bbox 277 652 1743 710; baseline 0.003 -18"><span class='ocrx_word' id='word_1_33' title='bbox 277 653 451 703; x_wconf 74' lang='lat' dir='ltr'><strong>buntur,</strong></span> <span class='ocrx_word' id='word_1_34' title='bbox 491 653 578 708; x_wconf 81' lang='lat' dir='ltr'><strong>egit</strong></span> <span class='ocrx_word' id='word_1_35' title='bbox 612 652 858 695; x_wconf 82' lang='lat' dir='ltr'>Salmasius</span> <span class='ocrx_word' id='word_1_36' title='bbox 892 670 935 709; x_wconf 90' lang='lat' dir='ltr'><strong>p.</strong></span> <span class='ocrx_word' id='word_1_37' title='bbox 955 654 1062 695; x_wconf 76' lang='lat'>1174</span> <span class='ocrx_word' id='word_1_38' title='bbox 1084 668 1183 709; x_wconf 87' lang='lat' dir='ltr'><strong>sqq.</strong></span> <span class='ocrx_word' id='word_1_39' title='bbox 1209 655 1280 697; x_wconf 90' lang='lat' dir='ltr'><strong>cll.</strong></span> <span class='ocrx_word' id='word_1_40' title='bbox 1304 671 1347 710; x_wconf 84' lang='lat' dir='ltr'><strong>p.</strong></span> <span class='ocrx_word' id='word_1_41' title='bbox 1373 656 1471 708; x_wconf 73' lang='lat'><strong>794,</strong></span> <span class='ocrx_word' id='word_1_42' title='bbox 1504 656 1743 709; x_wconf 83' lang='lat' dir='ltr'><strong>Ariamque</strong></span> 
     </span>
     <span class='ocr_line' id='line_1_9' title="bbox 277 729 1742 776; baseline 0.002 -6"><span class='ocrx_word' id='word_1_43' title='bbox 277 743 374 770; x_wconf 88' lang='lat' dir='ltr'><strong>cum</strong></span> <span class='ocrx_word' id='word_1_44' title='bbox 415 729 581 771; x_wconf 85' lang='lat' dir='ltr'><strong>Ariana</strong></span> <span class='ocrx_word' id='word_1_45' title='bbox 622 745 647 771; x_wconf 90' lang='lat' dir='ltr'><strong>a</strong></span> <span class='ocrx_word' id='word_1_46' title='bbox 683 731 822 772; x_wconf 87' lang='lat' dir='ltr'>Plinio</span> <span class='ocrx_word' id='word_1_47' title='bbox 869 731 1077 774; x_wconf 85' lang='lat' dir='ltr'><strong>confundi</strong></span> <span class='ocrx_word' id='word_1_48' title='bbox 1123 731 1371 775; x_wconf 82' lang='lat' dir='ltr'><strong>luculenter</strong></span> <span class='ocrx_word' id='word_1_49' title='bbox 1411 733 1742 776; x_wconf 82' lang='lat' dir='ltr'><strong>demonstravit.</strong></span> 
     </span>
     <span class='ocr_line' id='line_1_10' title="bbox 275 809 1743 866; baseline 0.002 -17"><span class='ocrx_word' id='word_1_50' title='bbox 275 809 344 850; x_wconf 88' lang='lat' dir='ltr'><strong>Ac</strong></span> <span class='ocrx_word' id='word_1_51' title='bbox 376 816 530 849; x_wconf 86' lang='lat' dir='ltr'><strong>nostro</strong></span> <span class='ocrx_word' id='word_1_52' title='bbox 557 810 727 862; x_wconf 87' lang='lat' dir='ltr'><strong>quidem</strong></span> <span class='ocrx_word' id='word_1_53' title='bbox 757 809 860 851; x_wconf 87' lang='lat' dir='ltr'><strong>loco</strong></span> <span class='ocrx_word' id='word_1_54' title='bbox 881 812 1103 853; x_wconf 83' lang='lat' dir='ltr'><strong>excidisse</strong></span> <span class='ocrx_word' id='word_1_55' title='bbox 1128 825 1287 852; x_wconf 88' lang='lat' dir='ltr'><strong>nomen</strong></span> <span class='ocrx_word' id='word_1_56' title='bbox 1309 811 1442 854; x_wconf 87' lang='lat' dir='ltr'><strong>Ariae</strong></span> <span class='ocrx_word' id='word_1_57' title='bbox 1461 813 1581 862; x_wconf 71' lang='lat' dir='ltr'><strong>vidit,</strong></span> <span class='ocrx_word' id='word_1_58' title='bbox 1613 826 1743 866; x_wconf 90' lang='lat' dir='ltr'><strong>quum</strong></span> 
     </span>
     <span class='ocr_line' id='line_1_11' title="bbox 276 887 1743 943; baseline 0.003 -17"><span class='ocrx_word' id='word_1_59' title='bbox 276 893 319 927; x_wconf 84' lang='lat' dir='ltr'><strong>et</strong></span> <span class='ocrx_word' id='word_1_60' title='bbox 348 900 592 941; x_wconf 88' lang='lat' dir='ltr'><strong>pronomen</strong></span> <span class='ocrx_word' id='word_1_61' title='bbox 624 887 852 929; x_wconf 81' lang='lat' dir='ltr'><strong>relativum</strong></span> <span class='ocrx_word' id='word_1_62' title='bbox 886 902 975 930; x_wconf 87' lang='lat' dir='ltr'><strong>non</strong></span> <span class='ocrx_word' id='word_1_63' title='bbox 1005 888 1168 929; x_wconf 83' lang='lat' dir='ltr'><strong>habeat</strong></span> <span class='ocrx_word' id='word_1_64' title='bbox 1192 890 1260 930; x_wconf 90' lang='lat' dir='ltr'><strong>cui</strong></span> <span class='ocrx_word' id='word_1_65' title='bbox 1278 890 1553 943; x_wconf 87' lang='lat' dir='ltr'><strong>respondeat</strong></span> <span class='ocrx_word' id='word_1_66' title='bbox 1574 896 1617 930; x_wconf 87' lang='lat' dir='ltr'><strong>et</strong></span> <span class='ocrx_word' id='word_1_67' title='bbox 1637 889 1743 930; x_wconf 91' lang='lat' dir='ltr'><strong>Ale-</strong></span> 
     </span>
     <span class='ocr_line' id='line_1_12' title="bbox 274 964 1743 1022; baseline 0.002 -17"><span class='ocrx_word' id='word_1_68' title='bbox 274 965 459 1005; x_wconf 75' lang='lat' dir='ltr'><strong>xandria</strong></span> <span class='ocrx_word' id='word_1_69' title='bbox 496 965 549 1004; x_wconf 90' lang='lat' dir='ltr'><strong>ad</strong></span> <span class='ocrx_word' id='word_1_70' title='bbox 586 964 850 1018; x_wconf 70' lang='lat' dir='ltr'><strong>Car-tanam,</strong></span> <span class='ocrx_word' id='word_1_71' title='bbox 888 981 1017 1022; x_wconf 88' lang='lat' dir='ltr'><strong>quam</strong></span> <span class='ocrx_word' id='word_1_72' title='bbox 1054 966 1245 1009; x_wconf 83' lang='lat' dir='ltr'><strong>ultimam</strong></span> <span class='ocrx_word' id='word_1_73' title='bbox 1279 967 1442 1010; x_wconf 88' lang='lat' dir='ltr'><strong>Plinius</strong></span> <span class='ocrx_word' id='word_1_74' title='bbox 1481 981 1743 1009; x_wconf 86' lang='lat' dir='ltr'><strong>commemo-</strong></span> 
     </span>
     <span class='ocr_line' id='line_1_13' title="bbox 273 1043 1743 1097; baseline 0.001 -14"><span class='ocrx_word' id='word_1_75' title='bbox 273 1050 470 1092; x_wconf 81' lang='lat' dir='ltr'><strong>raverat,</strong></span> <span class='ocrx_word' id='word_1_76' title='bbox 503 1056 590 1083; x_wconf 91' lang='lat' dir='ltr'><strong>non</strong></span> <span class='ocrx_word' id='word_1_77' title='bbox 624 1043 858 1097; x_wconf 81' lang='lat' dir='ltr'><strong>pertineat.</strong></span> <span class='ocrx_word' id='word_1_78' title='bbox 906 1044 1086 1086; x_wconf 89' lang='lat' dir='ltr'><strong>Leniori</strong></span> <span class='ocrx_word' id='word_1_79' title='bbox 1117 1053 1261 1087; x_wconf 87' lang='lat' dir='ltr'><strong>autem</strong></span> <span class='ocrx_word' id='word_1_80' title='bbox 1291 1046 1485 1087; x_wconf 86' lang='lat' dir='ltr'><strong>remedio</strong></span> <span class='ocrx_word' id='word_1_81' title='bbox 1523 1045 1626 1086; x_wconf 89' lang='lat' dir='ltr'><strong>loco</strong></span> <span class='ocrx_word' id='word_1_82' title='bbox 1656 1058 1743 1086; x_wconf 88' lang='lat' dir='ltr'><strong>me-</strong></span> 
     </span>
     <span class='ocr_line' id='line_1_14' title="bbox 274 1122 1742 1177; baseline 0 -15"><span class='ocrx_word' id='word_1_83' title='bbox 274 1122 368 1162; x_wconf 85' lang='lat' dir='ltr'><strong>deri</strong></span> <span class='ocrx_word' id='word_1_84' title='bbox 404 1128 580 1176; x_wconf 89' lang='lat' dir='ltr'><strong>poterat</strong></span> <span class='ocrx_word' id='word_1_85' title='bbox 618 1135 747 1175; x_wconf 89' lang='lat' dir='ltr'><strong>quam</strong></span> <span class='ocrx_word' id='word_1_86' title='bbox 786 1136 871 1177; x_wconf 90' lang='lat' dir='ltr'><strong>quo</strong></span> <span class='ocrx_word' id='word_1_87' title='bbox 904 1137 1012 1165; x_wconf 90' lang='lat' dir='ltr'><strong>usus</strong></span> <span class='ocrx_word' id='word_1_88' title='bbox 1053 1132 1135 1166; x_wconf 88' lang='lat' dir='ltr'><strong>est.</strong></span> <span class='ocrx_word' id='word_1_89' title='bbox 1176 1124 1319 1166; x_wconf 87' lang='lat' dir='ltr'><strong>Scribi</strong></span> <span class='ocrx_word' id='word_1_90' title='bbox 1354 1123 1469 1166; x_wconf 74' lang='lat' dir='ltr'><strong>vult:</strong></span> <span class='ocrx_word' id='word_1_91' title='bbox 1505 1137 1560 1163; x_wconf 73' lang='lat' dir='ltr'><strong>ex</strong></span> <span class='ocrx_word' id='word_1_92' title='bbox 1590 1122 1742 1163; x_wconf 80' lang='lat' dir='ltr'><strong>adver-</strong></span> 
     </span>
     <span class='ocr_line' id='line_1_15' title="bbox 271 1199 1742 1250; baseline 0.001 -11"><span class='ocrx_word' id='word_1_93' title='bbox 271 1214 367 1239; x_wconf 82' lang='lat' dir='ltr'><strong>sum</strong></span> <span class='ocrx_word' id='word_1_94' title='bbox 396 1199 670 1250; x_wconf 74' lang='lat' dir='ltr'><strong>Bactrianos,</strong></span> <span class='ocrx_word' id='word_1_95' title='bbox 699 1200 810 1240; x_wconf 78' lang='lat' dir='ltr'><strong>Aria</strong></span> <span class='ocrx_word' id='word_1_96' title='bbox 839 1200 1007 1242; x_wconf 78' lang='lat' dir='ltr'><strong>deinde.</strong></span> <span class='ocrx_word' id='word_1_97' title='bbox 1069 1201 1206 1242; x_wconf 80' lang='lat' dir='ltr'><strong>Multo</strong></span> <span class='ocrx_word' id='word_1_98' title='bbox 1238 1215 1343 1242; x_wconf 83' lang='lat' dir='ltr'><strong>vero</strong></span> <span class='ocrx_word' id='word_1_99' title='bbox 1375 1199 1545 1242; x_wconf 79' lang='lat' dir='ltr'><strong>facilior</strong></span> <span class='ocrx_word' id='word_1_100' title='bbox 1577 1200 1658 1240; x_wconf 89' lang='lat' dir='ltr'><strong>erit</strong></span> <span class='ocrx_word' id='word_1_101' title='bbox 1688 1213 1742 1241; x_wconf 89' lang='lat' dir='ltr'><strong>ea</strong></span> 
     </span>
     <span class='ocr_line' id='line_1_16' title="bbox 275 1278 1739 1334; baseline 0 -14"><span class='ocrx_word' id='word_1_102' title='bbox 275 1278 532 1320; x_wconf 86' lang='lat' dir='ltr'><strong>coniectura</strong></span> <span class='ocrx_word' id='word_1_103' title='bbox 581 1291 668 1332; x_wconf 88' lang='lat' dir='ltr'><strong>qua</strong></span> <span class='ocrx_word' id='word_1_104' title='bbox 703 1292 818 1320; x_wconf 78' lang='lat' dir='ltr'><strong>voce</strong></span> <span class='ocrx_word' id='word_1_105' title='bbox 865 1279 1280 1330; x_wconf 67' lang='lat' dir='ltr'><strong>„Bactrianorum-‘⁶</strong></span> <span class='ocrx_word' id='word_1_106' title='bbox 1325 1278 1507 1319; x_wconf 80' lang='lat' dir='ltr'><strong>similem</strong></span> <span class='ocrx_word' id='word_1_107' title='bbox 1551 1292 1739 1334; x_wconf 89' lang='lat' dir='ltr'><strong>prorsus</strong></span> 
     </span>
     <span class='ocr_line' id='line_1_17' title="bbox 274 1356 1742 1410; baseline -0.001 -12"><span class='ocrx_word' id='word_1_108' title='bbox 274 1357 616 1409; x_wconf 72' lang='lat' dir='ltr'><strong>„Ariano1·um“</strong></span> <span class='ocrx_word' id='word_1_109' title='bbox 662 1356 919 1410; x_wconf 81' lang='lat' dir='ltr'>absorptam</span> <span class='ocrx_word' id='word_1_110' title='bbox 965 1370 1069 1399; x_wconf 89' lang='lat' dir='ltr'><strong>esse</strong></span> <span class='ocrx_word' id='word_1_111' title='bbox 1112 1356 1357 1398; x_wconf 86' lang='lat' dir='ltr'><strong>statuimus.</strong></span> <span class='ocrx_word' id='word_1_112' title='bbox 1431 1356 1556 1403; x_wconf 85' lang='lat' dir='ltr'><strong>Quae</strong></span> <span class='ocrx_word' id='word_1_113' title='bbox 1591 1356 1628 1398; x_wconf 92' lang='lat' dir='ltr'><strong>si</strong></span> <span class='ocrx_word' id='word_1_114' title='bbox 1665 1356 1742 1397; x_wconf 83' lang='lat' dir='ltr'><strong>ad-</strong></span> 
     </span>
     <span class='ocr_line' id='line_1_18' title="bbox 273 1432 1586 1490; baseline -0.001 -14"><span class='ocrx_word' id='word_1_115' title='bbox 273 1436 470 1486; x_wconf 74' lang='lat' dir='ltr'><strong>mittitur,</strong></span> <span class='ocrx_word' id='word_1_116' title='bbox 505 1434 617 1475; x_wconf 88' lang='lat' dir='ltr'><strong>haec</strong></span> <span class='ocrx_word' id='word_1_117' title='bbox 647 1432 741 1474; x_wconf 87' lang='lat' dir='ltr'><strong>fere</strong></span> <span class='ocrx_word' id='word_1_118' title='bbox 777 1434 939 1477; x_wconf 88' lang='lat' dir='ltr'><strong>Plinius</strong></span> <span class='ocrx_word' id='word_1_119' title='bbox 971 1435 1211 1490; x_wconf 82' lang='lat' dir='ltr'><strong>scripsisse</strong></span> <span class='ocrx_word' id='word_1_120' title='bbox 1242 1435 1465 1489; x_wconf 89' lang='lat' dir='ltr'><strong>putandus</strong></span> <span class='ocrx_word' id='word_1_121' title='bbox 1497 1442 1586 1476; x_wconf 90' lang='lat' dir='ltr'><strong>est:</strong></span> 
     </span>
    </p>

    <p class='ocr_par' dir='ltr' id='par_1_6' title="bbox 328 1511 1741 1640">
     <span class='ocr_line' id='line_1_19' title="bbox 329 1511 1741 1569; baseline -0.001 -16"><span class='ocrx_word' id='word_1_122' title='bbox 329 1513 456 1553; x_wconf 83' lang='lat' dir='ltr'><strong>Ilaec</strong></span> <span class='ocrx_word' id='word_1_123' title='bbox 483 1513 596 1569; x_wconf 63' lang='lat' dir='ltr'><strong>regio</strong></span> <span class='ocrx_word' id='word_1_124' title='bbox 623 1518 684 1552; x_wconf 83' lang='lat' dir='ltr'><strong>est</strong></span> <span class='ocrx_word' id='word_1_125' title='bbox 726 1526 784 1552; x_wconf 82' lang='lat' dir='ltr'><strong>ex</strong></span> <span class='ocrx_word' id='word_1_126' title='bbox 813 1512 994 1553; x_wconf 81' lang='lat' dir='ltr'><strong>adverso</strong></span> <span class='ocrx_word' id='word_1_127' title='bbox 1023 1511 1389 1566; x_wconf 71' lang='lat' dir='ltr'><strong>Bactrianorum3</strong></span> <span class='ocrx_word' id='word_1_128' title='bbox 1424 1512 1741 1553; x_wconf 81' lang='lat' dir='ltr'><strong>Arianorum</strong></span> 
     </span>
     <span class='ocr_line' id='line_1_20' title="bbox 328 1583 1495 1640; baseline -0.005 -16"><span class='ocrx_word' id='word_1_129' title='bbox 328 1583 486 1624; x_wconf 78' lang='lat' dir='ltr'><strong>deinde</strong></span> <span class='ocrx_word' id='word_1_130' title='bbox 515 1584 637 1624; x_wconf 81' lang='lat' dir='ltr'><strong>cuius</strong></span> <span class='ocrx_word' id='word_1_131' title='bbox 666 1583 748 1624; x_wconf 83' lang='lat' dir='ltr'><strong>rel.</strong></span> <span class='ocrx_word' id='word_1_132' title='bbox 1491 1637 1495 1640; x_wconf 16' lang='grc' dir='ltr'>ὓ</span> 
     </span>
    </p>

    <p class='ocr_par' dir='ltr' id='par_1_7' title="bbox 270 1659 1740 2108">
     <span class='ocr_line' id='line_1_21' title="bbox 381 1659 1738 1716; baseline 0 -14"><span class='ocrx_word' id='word_1_133' title='bbox 381 1660 518 1702; x_wconf 82' lang='lat' dir='ltr'><strong>Paulo</strong></span> <span class='ocrx_word' id='word_1_134' title='bbox 555 1660 667 1702; x_wconf 87' lang='lat' dir='ltr'><strong>infra</strong></span> <span class='ocrx_word' id='word_1_135' title='bbox 710 1660 918 1716; x_wconf 86' lang='lat' dir='ltr'><strong>oppidum</strong></span> <span class='ocrx_word' id='word_1_136' title='bbox 962 1659 1248 1702; x_wconf 89' lang='lat' dir='ltr'><strong>Artacabane</strong></span> <span class='ocrx_word' id='word_1_137' title='bbox 1294 1662 1409 1702; x_wconf 88' lang='lat' dir='ltr'><strong>idem</strong></span> <span class='ocrx_word' id='word_1_138' title='bbox 1456 1675 1560 1702; x_wconf 87' lang='lat' dir='ltr'><strong>esse</strong></span> <span class='ocrx_word' id='word_1_139' title='bbox 1607 1669 1738 1715; x_wconf 88' lang='lat' dir='ltr'><strong>atque</strong></span> 
     </span>
     <span class='ocr_line' id='line_1_22' title="bbox 271 1739 1740 1793; baseline -0.001 -11"><span class='ocrx_word' id='word_1_140' title='bbox 271 1742 561 1783; x_wconf 88' lang='lat' dir='ltr'><strong>Artacoanna</strong></span> <span class='ocrx_word' id='word_1_141' title='bbox 587 1740 702 1793; x_wconf 84' lang='lat' dir='ltr'><strong>quod</strong></span> <span class='ocrx_word' id='word_1_142' title='bbox 733 1739 863 1780; x_wconf 89' lang='lat' dir='ltr'><strong>modo</strong></span> <span class='ocrx_word' id='word_1_143' title='bbox 901 1740 1221 1791; x_wconf 68' lang='lat' dir='ltr'><strong>nominaverat,</strong></span> <span class='ocrx_word' id='word_1_144' title='bbox 1257 1739 1534 1781; x_wconf 85' lang='lat' dir='ltr'><strong>manifestum</strong></span> <span class='ocrx_word' id='word_1_145' title='bbox 1564 1747 1655 1781; x_wconf 82' lang='lat' dir='ltr'><strong>est:</strong></span> <span class='ocrx_word' id='word_1_146' title='bbox 1700 1740 1740 1780; x_wconf 93' lang='lat' dir='ltr'><strong>in</strong></span> 
     </span>
     <span class='ocr_line' id='line_1_23' title="bbox 271 1817 1739 1873; baseline 0 -14"><span class='ocrx_word' id='word_1_147' title='bbox 271 1819 476 1860; x_wconf 87' lang='lat' dir='ltr'><strong>mutando</strong></span> <span class='ocrx_word' id='word_1_148' title='bbox 497 1825 640 1858; x_wconf 88' lang='lat' dir='ltr'><strong>tamen</strong></span> <span class='ocrx_word' id='word_1_149' title='bbox 667 1818 839 1857; x_wconf 89' lang='lat' dir='ltr'><strong>nomine</strong></span> <span class='ocrx_word' id='word_1_150' title='bbox 869 1819 1074 1859; x_wconf 82' lang='lat' dir='ltr'><strong>cautione</strong></span> <span class='ocrx_word' id='word_1_151' title='bbox 1106 1832 1219 1873; x_wconf 90' lang='lat' dir='ltr'><strong>opus</strong></span> <span class='ocrx_word' id='word_1_152' title='bbox 1251 1819 1346 1867; x_wconf 74' lang='lat' dir='ltr'><strong>erit,</strong></span> <span class='ocrx_word' id='word_1_153' title='bbox 1386 1833 1514 1873; x_wconf 88' lang='lat' dir='ltr'><strong>quum</strong></span> <span class='ocrx_word' id='word_1_154' title='bbox 1544 1817 1739 1859; x_wconf 85' lang='lat' dir='ltr'><strong>fortasse</strong></span> 
     </span>
     <span class='ocr_line' id='line_1_24' title="bbox 272 1896 1738 1952; baseline -0.001 -15"><span class='ocrx_word' id='word_1_155' title='bbox 272 1911 326 1937; x_wconf 80' lang='lat' dir='ltr'><strong>ex</strong></span> <span class='ocrx_word' id='word_1_156' title='bbox 363 1896 448 1937; x_wconf 89' lang='lat' dir='ltr'><strong>alio</strong></span> <span class='ocrx_word' id='word_1_157' title='bbox 481 1903 664 1936; x_wconf 84' lang='lat' dir='ltr'><strong>auctore</strong></span> <span class='ocrx_word' id='word_1_158' title='bbox 687 1896 907 1937; x_wconf 86' lang='lat' dir='ltr'><strong>diversam</strong></span> <span class='ocrx_word' id='word_1_159' title='bbox 928 1896 1125 1948; x_wconf 80' lang='lat' dir='ltr'><strong>formam,</strong></span> <span class='ocrx_word' id='word_1_160' title='bbox 1158 1897 1199 1936; x_wconf 92' lang='lat' dir='ltr'><strong>in</strong></span> <span class='ocrx_word' id='word_1_161' title='bbox 1237 1910 1323 1951; x_wconf 86' lang='lat' dir='ltr'><strong>qna</strong></span> <span class='ocrx_word' id='word_1_162' title='bbox 1357 1910 1628 1952; x_wconf 77' lang='lat' dir='ltr'><strong>magnopere</strong></span> <span class='ocrx_word' id='word_1_163' title='bbox 1662 1910 1738 1938; x_wconf 90' lang='lat' dir='ltr'><strong>va-</strong></span> 
     </span>
     <span class='ocr_line' id='line_1_25' title="bbox 270 1972 1738 2029; baseline -0.001 -13"><span class='ocrx_word' id='word_1_164' title='bbox 270 1977 381 2016; x_wconf 86' lang='lat' dir='ltr'><strong>riant</strong></span> <span class='ocrx_word' id='word_1_165' title='bbox 413 1982 616 2025; x_wconf 75' lang='lat' dir='ltr'><strong>veteres,</strong></span> <span class='ocrx_word' id='word_1_166' title='bbox 656 1975 897 2029; x_wconf 85' lang='lat' dir='ltr'><strong>acceperit.</strong></span> <span class='ocrx_word' id='word_1_167' title='bbox 969 1975 1174 2016; x_wconf 73' lang='lat' dir='ltr'><strong>Proxime</strong></span> <span class='ocrx_word' id='word_1_168' title='bbox 1212 1975 1265 2014; x_wconf 87' lang='lat' dir='ltr'><strong>ad</strong></span> <span class='ocrx_word' id='word_1_169' title='bbox 1294 1972 1581 2028; x_wconf 69' lang='grc' dir='ltr'><strong>Ἄρτακαύαν,</strong></span> <span class='ocrx_word' id='word_1_170' title='bbox 1611 1975 1738 2015; x_wconf 86' lang='lat' dir='ltr'><strong>sicuti</strong></span> 
     </span>
     <span class='ocr_line' id='line_1_26' title="bbox 270 2052 1739 2108; baseline -0.001 -14"><span class='ocrx_word' id='word_1_171' title='bbox 270 2055 323 2095; x_wconf 88' lang='lat' dir='ltr'><strong>ab</strong></span> <span class='ocrx_word' id='word_1_172' title='bbox 356 2054 524 2095; x_wconf 85' lang='lat' dir='ltr'><strong>Isidoro</strong></span> <span class='ocrx_word' id='word_1_173' title='bbox 552 2053 681 2093; x_wconf 77' lang='lat' dir='ltr'><strong>Char.</strong></span> <span class='ocrx_word' id='word_1_174' title='bbox 702 2070 744 2108; x_wconf 89' lang='lat' dir='ltr'><strong>p.</strong></span> <span class='ocrx_word' id='word_1_175' title='bbox 765 2053 804 2094; x_wconf 76' lang='lat' dir='ltr'><strong>S.</strong></span> <span class='ocrx_word' id='word_1_176' title='bbox 844 2052 1109 2108; x_wconf 77' lang='lat' dir='ltr'><strong>appellatur,</strong></span> <span class='ocrx_word' id='word_1_177' title='bbox 1144 2052 1338 2099; x_wconf 74' lang='lat' dir='ltr'><strong>accedit:</strong></span> <span class='ocrx_word' id='word_1_178' title='bbox 1377 2065 1513 2105; x_wconf 85' lang='lat' dir='ltr'><strong>qnare</strong></span> <span class='ocrx_word' id='word_1_179' title='bbox 1552 2052 1739 2095; x_wconf 83' lang='lat' dir='ltr'><strong>litteram</strong></span> 
     </span>
    </p>
   </div>
   <div class='ocr_carea' id='block_1_6' title="bbox 269 2131 1166 2188">
    <p class='ocr_par' dir='ltr' id='par_1_8' title="bbox 269 2131 1166 2188">
     <span class='ocr_line' id='line_1_27' title="bbox 269 2131 1166 2188; baseline -0.004 -14"><span class='ocrx_word' id='word_1_180' title='bbox 269 2132 303 2174; x_wconf 88' lang='lat' dir='ltr'>B</span> <span class='ocrx_word' id='word_1_181' title='bbox 343 2147 422 2188; x_wconf 88' lang='lat' dir='ltr'><strong>pro</strong></span> <span class='ocrx_word' id='word_1_182' title='bbox 459 2131 498 2171; x_wconf 91' lang='lat' dir='ltr'>V</span> <span class='ocrx_word' id='word_1_183' title='bbox 537 2131 726 2187; x_wconf 85' lang='lat' dir='ltr'><strong>positam</strong></span> <span class='ocrx_word' id='word_1_184' title='bbox 765 2145 869 2174; x_wconf 90' lang='lat' dir='ltr'><strong>csse</strong></span> <span class='ocrx_word' id='word_1_185' title='bbox 906 2132 1166 2186; x_wconf 80' lang='lat' dir='ltr'><strong>putaverim.</strong></span> 
     </span>
    </p>
   </div>
   <div class='ocr_carea' id='block_1_7' title="bbox 333 2238 1737 2843">
    <p class='ocr_par' dir='ltr' id='par_1_9' title="bbox 333 2238 1737 2843">
     <span class='ocr_line' id='line_1_28' title="bbox 839 2238 1178 2299; baseline -0.006 -13"><span class='ocrx_word' id='word_1_186' title='bbox 839 2239 905 2286; x_wconf 88' lang='grc'><strong>96</strong></span> <span class='ocrx_word' id='word_1_187' title='bbox 926 2263 971 2280; x_wconf 93' lang='lat'><strong><em>=</em></strong></span> <span class='ocrx_word' id='word_1_188' title='bbox 995 2239 1075 2299; x_wconf 82' lang='grc'><strong>23,</strong></span> <span class='ocrx_word' id='word_1_189' title='bbox 1097 2238 1178 2286; x_wconf 89' lang='grc'><strong>26.</strong></span> 
     </span>
     <span class='ocr_line' id='line_1_29' title="bbox 337 2325 1737 2392; baseline -0.001 -16"><span class='ocrx_word' id='word_1_190' title='bbox 337 2365 348 2376; x_wconf 91' lang='grc'><strong>.</strong></span> <span class='ocrx_word' id='word_1_191' title='bbox 364 2365 399 2377; x_wconf 86' lang='grc'><strong>.,</strong></span> <span class='ocrx_word' id='word_1_192' title='bbox 422 2330 638 2378; x_wconf 88' lang='lat' dir='ltr'><strong>indicare</strong></span> <span class='ocrx_word' id='word_1_193' title='bbox 665 2328 904 2388; x_wconf 80' lang='lat' dir='ltr'><strong>convenit,</strong></span> <span class='ocrx_word' id='word_1_194' title='bbox 926 2344 1049 2391; x_wconf 87' lang='lat' dir='ltr'><strong>quae</strong></span> <span class='ocrx_word' id='word_1_195' title='bbox 1068 2328 1230 2392; x_wconf 88' lang='lat' dir='ltr'><strong>prodit</strong></span> <span class='ocrx_word' id='word_1_196' title='bbox 1251 2325 1561 2375; x_wconf 82' lang='lat' dir='ltr'><strong>Onesicritus</strong></span> <span class='ocrx_word' id='word_1_197' title='bbox 1582 2326 1737 2374; x_wconf 88' lang='lat' dir='ltr'><strong>classe</strong></span> 
     </span>
     <span class='ocr_line' id='line_1_30' title="bbox 338 2415 1737 2467; baseline -0.003 0"><span class='ocrx_word' id='word_1_198' title='bbox 338 2420 599 2467; x_wconf 83' lang='lat' dir='ltr'><strong>Alexandri</strong></span> <span class='ocrx_word' id='word_1_199' title='bbox 644 2420 998 2467; x_wconf 78' lang='lat' dir='ltr'><strong>circumvectus</strong></span> <span class='ocrx_word' id='word_1_200' title='bbox 1038 2418 1086 2465; x_wconf 88' lang='lat' dir='ltr'><strong>in</strong></span> <span class='ocrx_word' id='word_1_201' title='bbox 1127 2418 1483 2466; x_wconf 86' lang='lat' dir='ltr'><strong>mediterranea</strong></span> <span class='ocrx_word' id='word_1_202' title='bbox 1516 2415 1737 2464; x_wconf 87' lang='lat' dir='ltr'><strong>Persidis</strong></span> 
     </span>
     <span class='ocr_line' id='line_1_31' title="bbox 336 2505 1734 2573; baseline -0.004 -16"><span class='ocrx_word' id='word_1_203' title='bbox 336 2528 396 2559; x_wconf 86' lang='lat' dir='ltr'><strong>ex</strong></span> <span class='ocrx_word' id='word_1_204' title='bbox 435 2510 598 2570; x_wconf 85' lang='lat' dir='ltr'><strong>India,</strong></span> <span class='ocrx_word' id='word_1_205' title='bbox 642 2519 835 2556; x_wconf 84' lang='lat' dir='ltr'><strong>narrata</strong></span> <span class='ocrx_word' id='word_1_206' title='bbox 883 2509 1104 2573; x_wconf 80' lang='lat' dir='ltr'><strong>proxime</strong></span> <span class='ocrx_word' id='word_1_207' title='bbox 1151 2525 1177 2556; x_wconf 87' lang='lat' dir='ltr'><strong>a</strong></span> <span class='ocrx_word' id='word_1_208' title='bbox 1211 2509 1357 2567; x_wconf 83' lang='lat' dir='ltr'><strong>Iuba,</strong></span> <span class='ocrx_word' id='word_1_209' title='bbox 1410 2505 1586 2554; x_wconf 89' lang='lat' dir='ltr'><strong>deinde</strong></span> <span class='ocrx_word' id='word_1_210' title='bbox 1631 2521 1734 2552; x_wconf 87' lang='lat' dir='ltr'><strong>eam</strong></span> 
     </span>
     <span class='ocr_line' id='line_1_32' title="bbox 334 2599 1736 2664; baseline -0.004 -17"><span class='ocrx_word' id='word_1_211' title='bbox 334 2599 713 2664; x_wconf 75' lang='lat' dir='ltr'><strong>navigationem,</strong></span> <span class='ocrx_word' id='word_1_212' title='bbox 760 2616 883 2663; x_wconf 88' lang='lat' dir='ltr'><strong>quae</strong></span> <span class='ocrx_word' id='word_1_213' title='bbox 926 2599 1000 2647; x_wconf 93' lang='lat' dir='ltr'><strong>his</strong></span> <span class='ocrx_word' id='word_1_214' title='bbox 1045 2599 1179 2646; x_wconf 89' lang='lat' dir='ltr'><strong>annis</strong></span> <span class='ocrx_word' id='word_1_215' title='bbox 1227 2604 1475 2662; x_wconf 89' lang='lat' dir='ltr'><strong>comperta</strong></span> <span class='ocrx_word' id='word_1_216' title='bbox 1514 2603 1736 2643; x_wconf 71' lang='lat' dir='ltr'><strong>servatur</strong></span> 
     </span>
     <span class='ocr_line' id='line_1_33' title="bbox 334 2686 1736 2753; baseline -0.004 -16"><span class='ocrx_word' id='word_1_217' title='bbox 334 2689 493 2737; x_wconf 86' lang='lat' dir='ltr'><strong>hodie.</strong></span> <span class='ocrx_word' id='word_1_218' title='bbox 534 2690 797 2738; x_wconf 87' lang='lat' dir='ltr'><strong>Onesicriti</strong></span> <span class='ocrx_word' id='word_1_219' title='bbox 830 2698 878 2738; x_wconf 85' lang='lat' dir='ltr'><strong>et</strong></span> <span class='ocrx_word' id='word_1_220' title='bbox 902 2690 1115 2738; x_wconf 89' lang='lat' dir='ltr'><strong>Nearchi</strong></span> <span class='ocrx_word' id='word_1_221' title='bbox 1151 2689 1389 2753; x_wconf 82' lang='lat' dir='ltr'><strong>navigatio</strong></span> <span class='ocrx_word' id='word_1_222' title='bbox 1424 2703 1514 2733; x_wconf 85' lang='lat' dir='ltr'><strong>nec</strong></span> <span class='ocrx_word' id='word_1_223' title='bbox 1544 2686 1736 2733; x_wconf 88' lang='lat' dir='ltr'><strong>nomina</strong></span> 
     </span>
     <span class='ocr_line' id='line_1_34' title="bbox 333 2776 1731 2843; baseline -0.004 -16"><span class='ocrx_word' id='word_1_224' title='bbox 333 2780 476 2827; x_wconf 83' lang='lat' dir='ltr'><strong>habet</strong></span> <span class='ocrx_word' id='word_1_225' title='bbox 496 2780 792 2827; x_wconf 87' lang='lat' dir='ltr'><strong>mansionum</strong></span> <span class='ocrx_word' id='word_1_226' title='bbox 817 2797 906 2828; x_wconf 89' lang='lat' dir='ltr'><strong>nec</strong></span> <span class='ocrx_word' id='word_1_227' title='bbox 929 2780 1101 2843; x_wconf 84' lang='lat' dir='ltr'><strong>spatia,</strong></span> <span class='ocrx_word' id='word_1_228' title='bbox 1129 2779 1434 2842; x_wconf 88' lang='lat' dir='ltr'><strong>primumque</strong></span> <span class='ocrx_word' id='word_1_229' title='bbox 1467 2776 1551 2838; x_wconf 78' lang='lat' dir='ltr'><strong>Xy</strong></span> <span class='ocrx_word' id='word_1_230' title='bbox 1571 2777 1731 2823; x_wconf 57' lang='lat' dir='ltr'><strong>lenc&lt;</strong></span> 
     </span>
    </p>
   </div>
   <div class='ocr_carea' id='block_1_8' title="bbox 1895 1723 1906 2246">
    <p class='ocr_par' dir='ltr' id='par_1_10' title="bbox 1895 1723 1906 2246">
     <span class='ocr_line' id='line_1_35' title="bbox 1895 1723 1906 2246; textangle 90"><span class='ocrx_word' id='word_1_231' title='bbox 1898 2236 1901 2246; x_wconf 82' lang='lat'><strong>..</strong></span> <span class='ocrx_word' id='word_1_232' title='bbox 1898 2156 1902 2219; x_wconf 66' lang='grc'>-.-..</span> <span class='ocrx_word' id='word_1_233' title='bbox 1897 2011 1902 2145; x_wconf 37' lang='grc' dir='ltr'><strong>...ἡ-,Α</strong></span> <span class='ocrx_word' id='word_1_234' title='bbox 1899 1970 1902 1997; x_wconf 60' lang='grc'><strong>,-.</strong></span> <span class='ocrx_word' id='word_1_235' title='bbox 1895 1741 1906 1959; x_wconf 47' lang='grc' dir='ltr'><strong>,μω-θη-</strong></span> <span class='ocrx_word' id='word_1_236' title='bbox 1901 1723 1905 1728; x_wconf 49' lang='lat' dir='ltr'>v</span> 
     </span>
    </p>
   </div>
  </div>
 </body>
</html>
