1914 3237
239 169 322 216 250
790 176 911 216 Liber
940 177 1170 216 XXXVII.

240 304 334 343 loco
365 302 467 343 nihil
499 303 699 345 docemur
729 305 809 346 nisi
832 305 925 359 hoc,
959 305 1276 361 aPhiladelpho
1313 305 1535 347 delubrum
1566 306 1708 348 condi—

242 388 328 422 tum
360 395 468 434 esse,
500 384 620 437 quasi
651 390 875 438 propterea
905 384 1139 426 Ptolemaei
1171 384 1252 425 nisi
1283 383 1429 425 addito
1460 385 1712 440 cognomine

240 461 496 502 mentionem
542 461 683 503 facere
727 476 811 503 non
855 463 1012 506 liceret.
1073 463 1154 511 Qui
1199 476 1327 518 quum
1373 462 1412 504 h.
1442 463 1467 505 l.
1515 477 1712 520 ,sequens

241 540 525 580 Ptolemaeus‘
572 541 827 596 appelletur,
874 540 1208 582 additamentum
1239 540 1464 582 delendum
1496 555 1592 583 esse
1623 542 1712 584 effi-

241 619 359 660 citur.
419 618 567 674 Neque
599 623 740 659 tamen
789 618 892 659 nihil
931 632 983 659 ex
1027 619 1097 660 illo
1129 619 1221 660 loco
1273 619 1315 660 in
1354 632 1478 660 usum
1522 624 1712 661 nostrum

241 698 431 738 converti
457 697 568 738 licet.
620 697 683 738 Ibi
713 697 824 738 enim
856 697 1075 738 delubrum
1106 697 1361 738 Arsinoeum
1391 702 1586 739 vocatum
1618 713 1713 741 esse

242 775 441 828 traditur,
487 789 661 817 aureum
693 789 775 816 non
808 775 1062 830 appellatur,
1108 776 1251 831 itaque
1296 776 1531 817 mutatione
1568 777 1609 818 in
1640 791 1713 819 no-

240 854 353 895 mine
383 854 551 910 proprio
589 867 674 895 non
702 854 889 895 violenta
925 867 1000 908 pro
1028 867 1191 894 aureum
1221 854 1447 909 legendum
1478 859 1543 897 est
1570 861 1601 896 A
1612 861 1713 898 rsi-

241 946 421 973 noeum.

132 1014 215 1057 848
831 1012 1140 1070 110=8,33.

309 1098 530 1149 Nascitur
567 1103 677 1164 post
713 1114 888 1148 aversa
923 1097 1088 1148 Indiae
1124 1099 1254 1163 apud
1293 1098 1480 1149 incolas
1509 1099 1713 1150 Caucasi

312 1187 488 1237 montis
520 1186 788 1251 PhyearOS,
828 1186 994 1245 SaeaS,
1034 1186 1211 1236 Dahas.

352 1277 448 1317 Duo
479 1276 651 1317 nomina
681 1290 706 1317 a
738 1275 946 1317 Salmasio
986 1275 1184 1316 restituta
1215 1280 1330 1328 sunt,
1378 1276 1547 1316 tertium
1594 1276 1715 1317 nobis

244 1353 555 1396 restituendum
578 1354 767 1410 reliquit:
801 1357 838 1395 H
846 1370 872 1407 y
881 1369 903 1394 r
914 1367 936 1395 c
947 1368 971 1394 α
981 1368 1005 1394 n
1016 1367 1038 1394 0
1049 1368 1081 1393 s.

134 1442 216 1485 849
824 1435 916 1482 114
936 1448 986 1468 ==
1008 1434 1133 1490 8‚35.

312 1521 527 1572 Sudines
566 1521 683 1570 dicit
720 1525 767 1570 61
801 1521 848 1569 in
887 1519 1060 1570 Sibero
1097 1520 1293 1569 Atticae
1331 1518 1527 1569 flumine
1564 1521 1713 1569 nasci.

327 1610 423 1652 Non
453 1609 624 1650 Atticae
653 1609 808 1650 flumen
841 1609 919 1650 fuit
949 1607 1122 1649 Siberus
1153 1608 1219 1649 vel
1251 1607 1423 1660 Siberis,
1461 1607 1535 1649 sed
1566 1611 1715 1649 Gala-

245 1694 370 1742 tiae,
411 1688 460 1729 cf.
491 1687 669 1743 Procop.
702 1686 754 1729 de
787 1687 878 1730 aed.
910 1688 948 1730 5.
972 1689 1020 1742 4,
1080 1686 1192 1742 quod
1230 1699 1383 1728 nomen
1426 1685 1716 1742 reponendum

246 1781 341 1810 esse
370 1769 560 1822 apparet.
997 1821 1005 1828 ·
1049 1821 1057 1828 .

134 1814 217 1857 850
786 1824 878 1871 116
915 1842 958 1860 =
996 1821 1193 1870 ibidem.

316 1941 374 1946 —-
398 1910 522 1960 haee
558 1910 645 1959 erit
681 1908 763 1958 illa
801 1924 926 1973 quae
965 1913 1170 1959 vocatur
1205 1908 1440 1958 aerizusa.

359 2024 407 2028 —
441 2012 544 2050 quae
574 2002 737 2039 arizusa
773 2005 879 2042 (non
910 1996 1096 2051 arizufa)
1132 2000 1285 2039 dicetur
1313 1997 1371 2051 B,
1418 1996 1532 2038 unde
1562 1995 1719 2038 scriba-

248 2084 316 2120 tur
349 2081 533 2133 oportet:
565 2090 669 2128 qzcae
699 2080 884 2117 aerizusa
915 2079 1074 2117 dicitur.

139 2150 220 2194 851
316 2156 421 2208 Non
472 2157 629 2205 minus
684 2154 863 2204 multae
910 2155 1105 2219 species
1144 2154 1361 2218 reliquae
1397 2159 1534 2212 sunt,
1578 2183 1612 2186 -υ
1672 2158 1721 2202 111

314 2244 544 2310 crystallo
583 2243 767 2293 similes
812 2248 893 2292 aut
929 2243 1114 2308 myxis,
1177 2243 1289 2291 item
1323 2240 1720 2299 terebintliizusa,

315 2333 609 2398 improprio,
649 2337 700 2381 111
736 2332 954 2390 arbitror,
993 2331 1301 2395 cognomine,
1343 2330 1477 2380 velut
1506 2346 1531 2379 e
1561 2329 1722 2378 multis

317 2421 538 2471 eiusdem
574 2421 773 2486 generis
812 2421 1085 2485 composita.
1120 2420 1360 2484 gemmisll.

363 2509 588 2550 Glossema
618 2509 808 2564 ineptum
840 2512 953 2549 recte
985 2508 1025 2548 in
1044 2507 1080 2549 B
1111 2508 1329 2558 omittitur,
1361 2506 1474 2561 quod
1498 2519 1581 2546 non
1612 2505 1720 2546 anti-

254 2602 336 2644 quo
368 2588 425 2628 illi
457 2588 697 2640 correctori,
737 2587 813 2628 sed
844 2587 1002 2628 homini
1033 2587 1177 2627 nescio
1210 2586 1274 2626 cui
1307 2585 1431 2626 docto
1463 2584 1599 2625 tribuo
1630 2587 1741 2623 sae-‘

254 2668 335 2708 culi
366 2666 461 2707 XV.
519 2665 614 2707 Non
653 2678 825 2720 prorsus
869 2664 1083 2705 dissimilis
1124 2668 1190 2705 est
1220 2677 1270 2704 ea
1300 2662 1567 2717 interpolatio
1615 2674 1724 2715 quae

255 2746 296 2786 in
327 2745 517 2799 margine
560 2743 621 2785 ed.
658 2743 1017 2798 Dalecampianae
1048 2742 1097 2782 V.
1143 2742 1250 2797 sigla
1289 2744 1459 2781 notatur
1504 2740 1632 2792 ,velut
1683 2745 1725 2780 et

256 2823 398 2868 multis
430 2822 620 2875 eiusdem
661 2821 828 2876 generis
859 2821 1037 2876 gemmis
1076 2820 1254 2862 eandem
1287 2819 1339 2859 ob
1382 2832 1467 2859 rom
1500 2819 1725 2874 imposito‘.
