1914 3237
314 114 393 155 106
926 112 1057 153 Liber
1085 114 1139 155 X.

310 237 479 278 stravit.
537 233 709 288 Duplici
739 241 885 276 autem
916 235 1170 290 corruptela
1199 235 1385 279 laborat.
1447 238 1635 279 Primum
1664 239 1774 279 enim

309 329 395 355 non
430 313 567 353 altero
595 312 664 354 vel
689 314 815 355 tcrtio
846 315 913 356 die
944 323 1045 369 post
1071 323 1240 370 partum
1271 329 1409 370 equas
1440 317 1494 357 ad
1519 318 1666 359 initum
1697 319 1775 359 ad-

311 394 542 434 mittendas
573 407 689 444 esse,
719 394 798 435 sed
835 409 919 436 uno
954 403 1074 436 certe
1113 409 1227 437 anno
1267 395 1572 450 praeterlapso
1605 404 1647 437 et
1675 397 1776 437 Ari-

308 471 495 513 stoteles
527 480 570 514 et
598 473 786 514 Romani
824 475 1067 528 scriptores
1101 483 1378 518 monuerunt.
1419 471 1522 517 grav
1553 473 1596 517 ὁὲ
1628 475 1723 531 τέκῃ
1752 475 1776 528 ἡ

309 548 439 605 ἵππος,
470 551 552 595 οὐκ
569 551 699 601 εὐθὺς
724 552 828 608 μετὰ
859 554 978 595 τοῦτο
1005 553 1231 609 πῖιιιπλαται
1258 552 1369 596 ἀλλὰ
1388 553 1579 597 διαλείπει
1604 553 1776 608 χρόνον,

308 627 382 672 καὶ
401 629 520 673 τίκτει
551 629 708 686 ἀμείνω
741 631 915 686 τετάρτῳ
946 627 969 685 ἦ
1002 633 1167 688 πέμπτῳ
1200 629 1272 675 ἔτει
1306 633 1412 690 μετὰ
1441 632 1512 675 τὸυ
1531 633 1670 676 τόκον.
1701 629 1776 675 ἕνα

308 707 340 750 δ’
374 708 566 750 ἐνιαυτὸν
606 707 678 751 καὶ
709 709 887 764 πάιιιπαν
917 709 1091 765 ἀνάγκη
1121 709 1343 752 διαλείπειν
1377 709 1452 752 καὶ
1482 715 1609 752 ποιεῖν
1639 708 1776 766 ὥσπερ

306 788 429 831 mmor.
487 790 548 829 lta
581 788 772 843 loquitur
803 790 1068 830 Aristoteles
1097 789 1205 833 Hist.
1237 791 1364 830 anim.
1385 788 1539 829 V1.‘.>·2.
1576 789 1775 836 Quocum

309 868 587 908 consentiunt
606 868 753 909 Varro
772 868 823 910 R.
844 868 892 909 R.
910 869 959 909 ll.
978 869 1016 909 7.
1048 868 1275 918 „Alternis
1306 869 1375 923 qui
1408 868 1650 918 admittunt,
1683 868 1777 908 diu-

307 947 525 987 turniores
558 959 696 1000 equos
729 954 771 986 et
810 946 1017 987 meliores
1047 945 1189 1000 pullos
1219 946 1312 988 fieri
1345 947 1506 1001 dieunt,
1552 947 1696 1002 itaque
1730 954 1776 987 ut

305 1024 525 1066 restibiles
558 1031 735 1078 segetes
777 1032 930 1066 essent
969 1025 1243 1075 exactiores,
1285 1025 1349 1065 sic
1387 1026 1621 1079 quotannis
1663 1038 1775 1080 quae

306 1110 602 1158 praegnantes
620 1101 825 1143 fuerint.³²
848 1101 1092 1143 Columella
1105 1102 1246 1145 vlf-²7.
1267 1103 1482 1158 „Vulgari
1499 1103 1687 1144 feminae
1709 1118 1776 1145 so-

306 1182 446 1224 lemne
478 1189 546 1222 est
578 1181 777 1222 omnibus
809 1181 934 1221 annis
967 1193 1148 1234 parere,
1181 1194 1444 1235 generosam
1477 1183 1682 1222 convenit
1717 1181 1776 1222 al-

307 1260 441 1301 ternis
460 1259 702 1309 contincre,
732 1272 816 1313 quo
849 1257 1011 1299 firmior
1040 1257 1180 1312 pullus
1198 1257 1314 1299 laete
1337 1268 1533 1300 materno
1552 1259 1776 1301 laboribus

306 1338 588 1378 certaminum
621 1339 958 1390 praeparetur‘fi
1024 1335 1247 1394 Palla-dius
1276 1336 1352 1380 IV.
1380 1336 1444 1380 13.
1476 1337 1776 1389 „Gener-osas

309 1431 470 1472 equas,
504 1424 546 1458 et
576 1429 687 1471 quae
720 1415 940 1456 masculos
973 1417 1186 1466 nutriunt,
1228 1416 1409 1458 alternis
1441 1418 1566 1457 annis
1597 1418 1775 1458 submit·

309 1504 402 1537 tere
432 1495 725 1536 debebimus“
755 1493 833 1537 rel.
909 1493 1008 1533 Non
1040 1493 1126 1533 hoc
1158 1494 1287 1547 igitur
1320 1494 1423 1534 dicit
1454 1494 1639 1544 Plinius,
1682 1495 1774 1536 ficri

307 1592 392 1618 non
424 1589 558 1631 posse
588 1582 631 1615 ut
661 1574 839 1628 saepius
867 1587 1005 1628 equae
1029 1573 1349 1622 submittantur,
1382 1574 1461 1614 sed
1495 1574 1651 1614 utiliter
1682 1574 1774 1614 sieri

307 1670 404 1696 cum
436 1655 642 1695 Varrone
675 1665 802 1708 quem
838 1652 950 1692 inter
979 1658 1189 1691 auctores
1230 1650 1326 1690 libri
1354 1650 1407 1694 Χ.
1438 1653 1683 1692 cmnnerari
1714 1651 1774 1692 le-

305 1736 469 1790 gimus,
511 1738 657 1785 negat,
734 1730 875 1770 Recte
914 1729 1043 1784 igitur
1081 1728 1326 1770 Frobenius
1369 1743 1554 1784 eumque
1591 1737 1772 1772 secutus

306 1811 617 1864 Dalecampius
658 1823 755 1849 cum
793 1807 991 1848 omnibus
1026 1806 1280 1847 auctoribus
1322 1806 1500 1847 Plinium
1537 1808 1772 1849 conciliare.

303 1891 489 1936 studuit3
521 1887 636 1942 quod
668 1893 811 1926 autem
843 1898 998 1925 vocem
1027 1884 1140 1923 diem
1169 1884 1209 1924 in
1242 1899 1408 1924 anteum
1438 1887 1631 1937 mutavit,
1665 1886 1772 1929 fecit

303 1970 343 2009 id
372 1968 544 2022 quidem
574 1965 774 2007 licentius
800 1974 928 2016 quam
957 1961 1157 2002 decebat.
1216 1960 1399 2002 Scilicet
1426 1963 1538 2004 idem
1567 1965 1771 2018 dittogra-

301 2049 432 2104 plniac
470 2047 619 2088 vitium
659 2058 743 2099 quo
780 2055 888 2097 prae
928 2039 1106 2094 reliquis
1139 2053 1250 2093 opus
1282 2048 1476 2081 nostrum
1508 2042 1769 2096 inquinatur,

303 2128 372 2168 bic
404 2139 577 2182 quoque
609 2124 848 2166 admissum
881 2127 961 2162 est.
1019 2121 1065 2160 ln
1098 2119 1325 2174 archetypi
1361 2121 1472 2161 enim
1502 2120 1623 2162 sonte
1656 2121 1769 2163 haec

300 2209 468 2262 scripta
494 2205 630 2246 fuisse
663 2203 852 2244 arbitror
881 2213 991 2241 voce
1024 2213 1189 2239 annum
1219 2199 1260 2240 in
1291 2198 1427 2238 unuin
1456 2208 1689 2254 corrupta:

653 2296 779 2330 rxqms
811 2271 890 2320 ΛῙΤ
923 2293 1020 2319 Pos'r
1054 2268 1132 2318 ΛῘΤ
1167 2292 1264 2317 ros'r
1297 2268 1413 2317 xxx—‘mr

412 2362 537 2409 Quae
571 2372 698 2414 quum
729 2357 965 2398 emendare
998 2363 1235 2396 conaretur
1265 2355 1493 2410 archetypi
1522 2357 1693 2407 scriba,
1725 2357 1766 2397 in

302 2457 354 2483 co
376 2441 556 2488 erravit,
588 2437 803 2492 quodnon
823 2434 1010 2475 delenda
1028 2433 1243 2487 quaedam
1277 2446 1378 2473 esse
1411 2433 1491 2474 sed
1521 2432 1764 2486 supplenda

301 2521 536 2560 arbitratus
580 2522 671 2567 est,
710 2521 751 2554 et
782 2512 974 2553 ultimum
1007 2509 1264 2551 vocabulum
1299 2525 1378 2564 pro
1410 2512 1583 2552 sincero
1616 2512 1764 2553 habuit

301 2612 354 2639 ae
377 2596 546 2636 tertium
561 2593 671 2633 diem
697 2606 749 2632 ex
770 2590 941 2644 ingenio
960 2588 1137 2641 addidit,
1157 2588 1272 2628 unde
1296 2595 1545 2641 portentum
1565 2587 1762 2630 lectionis

355 2688 486 2735 equas
515 2678 657 2712 (atatem
685 2676 777 2725 post
808 2669 980 2709 tertium
1012 2667 1184 2708 tertium
1216 2666 1327 2706 diem
1356 2672 1431 2705 aul
1458 2672 1549 2720 post
1580 2681 1715 2706 unum

300 2754 498 2795 effectum
530 2757 611 2789 est.
