1914 3237
289 188 369 230 116
884 183 999 227 Liber
1028 190 1171 229 mill.

289 322 438 356 natura
458 329 610 356 nomen
630 317 845 370 accepisse
876 316 1038 358 dicitur.
1070 317 1217 372 Neque
1247 318 1388 358 obstat
1417 318 1528 373 quod
1550 318 1667 359 XXI.
1699 319 1748 362 91

287 397 532 445 hippophaes
576 395 615 434 in
648 394 685 434 R
711 394 735 434 d
777 400 817 435 et
848 398 968 445 hippo
999 398 1078 435 lme
1115 396 1155 435 in
1186 394 1224 435 V
1254 396 1478 449 reperitur:
1528 401 1752 451 utrumque

287 473 398 512 enim
430 471 677 512 vocabulum
711 471 761 512 de
794 472 941 512 eadem
975 473 1119 526 planta
1150 472 1445 527 usurpabatur,
1475 474 1527 513 ef.
1559 473 1750 515 Dioscor.

286 550 358 591 IV.
391 551 481 591 159.
1171 532 1184 542 “
1206 581 1226 600 .

175 633 367 676 476-77
858 634 918 679 33
938 651 995 669 =
1019 634 1173 688 13‚15.

352 713 596 765 difficilem
640 723 858 766 ventrem
898 723 1076 767 tostum
1114 718 1222 767 eibo
1263 717 1459 767 emollit.

393 802 585 844 Scribere
617 806 778 845 malim:
811 810 859 846 in
890 809 977 846 cibo
1008 810 1161 846 emollit.
1211 806 1315 846 Item
1349 806 1383 859 ξ.
1415 807 1468 847 44
1498 806 1649 860 copula
1678 806 1750 847 de-

285 879 367 918 leta
397 880 622 934 legendum
653 896 746 923 esse
778 888 905 937 puto:
966 886 1040 924 Hie
1068 891 1125 923 est
1161 888 1321 924 vernula
1366 888 1478 924 cuius
1518 887 1669 934 effiye'es
1701 899 1752 926 ea·

283 970 376 996 aere
401 961 496 1006 fusa
525 968 582 999 es(
609 963 749 1000 nobilis
779 964 840 1000 ille
867 964 1184 1013 splamrlmopzes,
1216 961 1267 1002 cf.
1283 961 1486 1004 XXXIV.
1507 963 1580 1015 813
1611 976 1748 1017 neque

284 1035 392 1074 enim
425 1050 555 1076 verna
587 1038 676 1091 ipse
707 1038 783 1078 sed
816 1038 978 1094 effigies
1009 1042 1098 1079 eius
1139 1039 1290 1080 nobilis
1322 1040 1569 1094 appellatur.
1631 1040 1667 1094 §
1699 1042 1752 1084 50

282 1116 433 1153 echium
464 1122 500 1153 el
531 1118 641 1172 doris
673 1115 823 1156 scribo.

171 1189 252 1231 473
477 1208 537 1253 53
574 1221 626 1239 =
662 1209 820 1263 2126.
864 1206 952 1264 (de
989 1204 1267 1254 anthemide
1306 1205 1566 1270 loquitur).

349 1290 540 1340 Genera
582 1295 686 1342 eius
740 1294 828 1342 tria
880 1295 997 1344 flore
1034 1299 1218 1343 tantum
1273 1294 1477 1352 distant,
1540 1293 1747 1359 palmum

348 1394 440 1429 11011
481 1382 796 1441 excedentia,
848 1383 1010 1448 parvis
1060 1382 1261 1432 floribus
1310 1387 1469 1441 rutae,
1527 1383 1750 1433 candidis

346 1474 427 1516 aut
462 1470 651 1517 [1111111115
688 1476 768 1518 aut
816 1470 1085 1535 purpureis,

389 1556 537 1597 Talem
570 1558 706 1598 locum
741 1559 781 1599 S.
813 1558 843 1598 1.
877 1558 1171 1610 exhibuerunt,
1204 1571 1228 1598 a
1258 1557 1429 1612 vulgata
1460 1559 1667 1613 scriptura
1699 1573 1748 1600 eo

281 1639 442 1674 tantum
485 1635 694 1676 diversum
755 1636 866 1690 quod
925 1641 1022 1676 ante
1080 1650 1116 1676 v.
1163 1643 1280 1675 rutae
1339 1637 1588 1690 particulam
1634 1647 1674 1677 ul
1725 1651 1750 1678 a

279 1712 394 1752 libris
426 1715 544 1753 MSS.
576 1720 742 1768 praeter
761 1714 785 1754 d
817 1714 998 1754 alienam
1016 1718 1128 1754 recte
1150 1714 1393 1756 omiserunt.
1427 1714 1589 1755 Vellem
1621 1715 1746 1755 etiam

280 1790 319 1829 111
352 1791 522 1845 reliquis
555 1792 692 1832 verbis
724 1792 903 1845 optimos
957 1791 1124 1832 codices
1157 1793 1287 1831 secuti
1327 1797 1482 1834 essent.
1542 1793 1648 1833 Nam
1696 1807 1748 1833 ne

280 1869 338 1908 sie
370 1868 537 1922 quidem
569 1874 614 1909 ut
645 1883 667 1908 e
700 1869 791 1909 cod.
818 1869 843 1908 d
874 1870 1152 1909 restituuntur
1182 1883 1352 1923 prorsus
1385 1884 1478 1910 eum
1498 1870 1747 1911 Dioscoride

279 1946 355 1986 Ill.
381 1948 453 1987 [44
483 1948 762 2002 consentiunt.
796 1946 864 1987 Sic
893 1948 1003 1987 0111111
1034 1947 1122 1986 ille:
1153 1947 1311 2001 ταύτης
1335 1947 1426 2002 εἴδη
1455 1952 1554 2003 τρία
1586 1948 1749 1990 ἄνθεσι

277 2025 415 2076 μόνον
454 2025 727 2079 διαφέροντα
760 2056 769 2064 .
803 2057 811 2066 .
845 2059 853 2067 .
885 2024 1106 2081 ([ιινλλιὲρια
1146 2025 1278 2080 μικρὰ
1311 2057 1320 2066 .
1354 2058 1360 2065 .
1395 2056 1404 2064 .
1437 2023 1626 2067 ἔνδοθεν
1667 2027 1748 2080 μὲν

277 2103 541 2157 χρυσίζυνῖα
573 2098 719 2157 &125qu
742 2101 913 2152 ἔξωθεν
944 2103 991 2143 δὲ
1023 2106 1291 2156 περίκεινται
1321 2103 1586 2158 κυκλοτερῶς
1615 2104 1746 2145 λευκὰ

278 2179 300 2233 ἢ
333 2182 487 2233 μέλινα
521 2180 542 2234 ἢ
573 2184 800 2236 πορφυρᾶ,
830 2181 942 2221 κατὰ
967 2183 1156 2234 μέγεθος
1178 2180 1374 2234 πηγάνου
1392 2180 1580 2234 φύλλων.
1617 2180 1746 2221 Cuius

279 2258 602 2312 descriptionem
639 2259 726 2297 sive
758 2259 896 2312 potius
929 2259 1017 2297 eius
1049 2258 1231 2298 auctoris
1263 2271 1386 2312 quem
1420 2261 1596 2312 uterque
1629 2272 1745 2299 seeu-

279 2341 343 2374 tus
376 2342 439 2374 est
470 2338 700 2375 orationem
721 2336 879 2376 Plinius
910 2336 948 2375 in
983 2336 1148 2376 brevius
1181 2350 1262 2376 non
1286 2336 1387 2377 satis
1420 2340 1615 2376 accurate
1647 2349 1745 2376 con-

279 2414 424 2452 traxit:
458 2414 595 2467 itaque
619 2427 700 2453 11011
734 2419 797 2453 est
823 2417 1058 2463 curli-mide
1092 2414 1174 2463 (ita
1197 2413 1290 2455 ΘΗ
1312 2413 1370 2461 V)
1407 2427 1498 2454 eum
1531 2413 1555 2453 d
1587 2414 1746 2464 inflet-e

277 2497 507 2543 inuteinus3
540 2492 748 2531 difficilius
781 2491 831 2531 de
865 2492 1064 2531 extremis
1097 2491 1234 2531 verbis
1266 2491 1464 2531 iudiciuin
1496 2496 1574 2537 est,
1632 2491 1741 2531 Nam

271 2572 438 2618 [Im-ihus
470 2569 493 2607 d
531 2571 637 2616 soliis
671 2569 760 2611 ΘΗ
780 2568 813 2607 V
846 2568 1024 2621 habent,
1065 2583 1139 2608 1105
1171 2575 1310 2609 autem
1347 2573 1494 2609 neutro
1539 2568 1742 2609 vocabulo

276 2645 510 2685 carebimus
535 2660 627 2686 eum
660 2647 853 2687 lacunam
886 2647 1211 2701 expleverimus:
1246 2651 1421 2701 apparet
1452 2646 1562 2686 enim
1594 2646 1741 2686 florum

276 2723 472 2774 colorem,
493 2724 681 2763 soliorum
699 2725 875 2764 formam
896 2730 937 2765 et
954 2725 1195 2779 diligentius
1215 2722 1498 2764 aDioscoride
1509 2728 1550 2764 et
1567 2737 1591 2763 a
1606 2724 1741 2765 Plinio

275 2801 542 2841 festinantius
574 2801 766 2841 describi.
798 2805 940 2842 Par-vis
966 2805 1074 2849 loliis
1105 2801 1332 2855 respondet
1357 2801 1616 2842 Dioscoridis
1648 2815 1740 2842 ver-
