1914 3237
719 140 851 183 Lz‘ber
877 141 966 183 IV.
1526 137 1582 179 45

108 278 238 322 quam
256 265 418 309 Strabo
433 265 546 308 VIII.
565 262 717 319 p.231.
751 262 894 310 Quum
925 263 1037 304 enim
1068 263 1141 305 hic
1171 263 1228 305 ad
1246 263 1444 306 Araxum
1475 274 1582 316 pro-

106 346 371 387 montorium
400 356 542 399 usque
571 342 740 384 Elidem
771 342 995 396 pertinere
1026 341 1196 391 tradat,
1237 341 1401 384 Plinius
1431 340 1580 383 Peneo

108 432 152 467 et
171 423 415 467 Chelonate
435 423 490 463 ab
508 421 681 463 Achaia
701 419 941 476 distinguit.
975 421 1102 468 Quae
1119 421 1294 476 quidem
1310 420 1457 461 finium
1486 434 1582 462 mu-

107 504 212 545 tatio
243 502 419 557 quando
450 500 571 542 facta
589 501 661 552 sit,
691 499 860 550 nescio,
893 499 1066 541 duravit
1095 506 1216 541 certe
1246 512 1334 540 non
1363 499 1476 540 ultra
1491 499 1582 540 An-

105 581 353 622 toninorum
387 586 592 631 aetatem,
623 594 725 621 nam
745 580 992 622 Pausanias
1011 586 1053 620 et
1068 577 1347 620 Ptolemaeus
1378 578 1583 634 antiquos

104 658 242 701 Elidis
272 657 384 700 fines
414 672 498 701 sua
528 672 702 714 quoque
732 666 879 701 aetate
898 658 1096 701 valuisse
1116 657 1433 699 demonstrant.
1462 657 1582 698 Idem

105 738 161 780 de
192 737 407 792 Argolide
439 738 674 780 dicendum
704 745 794 793 est,
821 751 848 779 a
878 750 965 794 qua
997 735 1163 778 Plinius
1193 749 1307 777 unus
1340 734 1581 790 Phliuntem

104 817 345 872 separavit.
402 817 561 873 Neque
596 823 742 859 tamen
774 823 861 858 tam
897 815 1219 870 imprudentem
1247 828 1297 856 se
1334 813 1493 869 gessit,
1537 820 1584 856 ut

106 910 260 953 agrum
297 896 537 939 Phliasium
572 909 714 952 prope
750 896 945 937 Peneum
985 895 1116 935 situm
1158 906 1262 935 esse
1310 893 1582 949 perhiberet.

110 976 294 1018 Videtur
329 976 504 1031 quidem
540 976 600 1017 ita
638 974 777 1031 loqui,
813 975 895 1016 sed
936 987 1096 1016 revera
1131 987 1221 1015 non
1263 972 1360 1027 ipse
1391 971 1584 1028 loquitur

105 1061 264 1096 auctor
295 1054 583 1108 perturbatus
619 1054 838 1095 interdum
875 1067 1021 1095 rerum
1053 1066 1168 1108 quae
1199 1052 1427 1103 tradebat,
1469 1051 1583 1094 mole

106 1139 150 1176 et
177 1133 322 1188 copia,
351 1145 585 1188 numquam
615 1145 725 1174 vero
760 1132 979 1173 indoctus.
1040 1131 1126 1178 Qui
1155 1145 1284 1186 quum
1315 1132 1357 1172 in
1389 1130 1584 1173 Graecia

106 1212 404 1254 describenda
443 1224 497 1251 ea
534 1209 631 1252 fere
670 1211 841 1252 ratione
882 1216 1081 1251 uteretur
1131 1217 1178 1251 ut
1222 1210 1411 1264 primum
1458 1224 1582 1252 oram

105 1290 364 1332 maritimam
393 1289 583 1345 legeret,
624 1289 783 1331 deinde
823 1288 990 1343 oppida
1020 1289 1137 1330 intus
1170 1289 1255 1331 sita
1286 1297 1583 1341 enumeraret,

106 1382 206 1411 eum
245 1370 444 1411 ordinem
474 1370 546 1425 qui
583 1370 626 1411 in
665 1369 869 1410 omnibus
904 1367 1134 1410 codicibus
1172 1369 1418 1423 reperitur,
1457 1371 1584 1426 sequi

105 1448 226 1491 nullo
257 1450 388 1491 modo
416 1448 566 1502 potuit.
609 1448 722 1489 Num
755 1449 867 1490 enim
888 1447 1163 1490 Panhormus
1193 1456 1350 1503 portus
1379 1450 1495 1491 intus
1526 1450 1582 1492 si-

105 1535 176 1570 tus
203 1527 312 1570 fuit?
371 1528 504 1569 Immo
535 1541 677 1582 prope
706 1527 914 1568 Erineum
940 1527 1008 1568 cui
1040 1527 1082 1568 in
1110 1527 1211 1582 ipsa
1242 1542 1320 1569 ora
1352 1536 1448 1570 erat
1476 1530 1581 1571 vici-

102 1621 201 1662 nus,
229 1608 358 1649 etiam
378 1607 494 1661 apud
510 1613 708 1647 nostrum
727 1606 989 1660 scriptorem
1010 1612 1078 1647 est
1095 1605 1395 1652 collocandus.
1428 1608 1581 1651 Missis

105 1687 235 1741 igitur
258 1686 408 1728 verbis
439 1685 556 1725 intus
589 1683 790 1736 Cleonae,
821 1684 989 1740 Hysiae
1018 1685 1203 1742 pulchre
1232 1687 1291 1728 ita
1323 1687 1581 1732 describun-

106 1764 390 1807 turAchaiae
407 1764 554 1814 litora,
584 1771 631 1805 ut
653 1764 709 1804 ab
737 1764 907 1805 oriente
934 1778 1149 1806 occasum
1176 1779 1339 1807 versus
1363 1769 1580 1821 proceda-

110 1851 190 1886 tur.
232 1843 366 1899 Atqui
391 1858 479 1885 non
512 1842 727 1884 eiicienda
757 1850 858 1884 sunt
888 1856 1001 1899 quae
1023 1845 1154 1885 modo
1187 1845 1477 1890 indicavimus
1504 1862 1581 1891 vo-

106 1923 279 1975 cabula,
308 1937 462 1966 verum
483 1923 570 1965 alio
589 1921 918 1965 transferenda.
953 1923 1065 1965 Nam
1086 1925 1200 1966 inter
1213 1924 1404 1967 Eliorum
1425 1940 1581 1982 agrum

106 2010 150 2046 et
179 2002 466 2045 Chelonatem
495 2002 843 2057 promontorium
874 2001 986 2044 male
1006 2002 1252 2046 Phliuntem
1279 2005 1465 2048 interiici
1494 2007 1580 2049 iam

104 2095 243 2138 supra
279 2081 635 2138 significavimus,
704 2082 861 2137 Neque
899 2081 1130 2124 castellum
1166 2083 1318 2126 Phlius
1353 2084 1455 2137 fuit,
1497 2087 1580 2128 sed

102 2162 212 2204 urbs
241 2161 371 2203 etiam
402 2167 491 2203 tum
520 2161 827 2206 celeberrima.
897 2162 1068 2209 Quodsi
1098 2175 1205 2204 vero
1235 2163 1318 2205 tria
1346 2163 1419 2205 illa
1442 2178 1578 2207 voca-

104 2241 207 2283 bula
236 2240 323 2283 huc
339 2240 595 2291 inserueris,
627 2241 855 2282 sanabitur
873 2240 1003 2283 locus
1034 2241 1197 2297 alioqui
1228 2242 1577 2288 molestissimus.

104 2319 267 2361 Verbis
301 2319 421 2360 mule
454 2318 662 2375 Cyllenen
697 2320 873 2376 VJIp„
905 2321 1050 2363 finitur
1081 2334 1189 2363 orae
1223 2322 1466 2365 maritimae
1500 2325 1579 2367 de-

105 2398 311 2452 scriptio:
341 2397 553 2453 reliquum
574 2406 670 2441 erat
693 2409 739 2441 ut
769 2400 935 2454 oppida
963 2400 1080 2442 intus
1096 2402 1181 2443 sita
1197 2410 1578 2455 enumerarentur,

106 2476 297 2520 Cleonas
329 2477 452 2531 dico,
481 2477 662 2533 Hysias‚
691 2478 949 2521 Phliuntem.
1009 2479 1104 2521 Nisi
1132 2494 1239 2522 vero
1267 2481 1355 2523 leni
1380 2484 1577 2526 remedio

103 2556 312 2599 utendum
343 2569 447 2598 esse
477 2556 724 2609 videretur,
767 2557 961 2601 Cleonas
991 2560 1139 2614 potius
1170 2560 1399 2604 castellum
1431 2562 1577 2608 Strab.

104 2634 349 2691 V11.p.377.
367 2641 550 2677 secutus
574 2636 889 2692 appellandum
919 2652 1023 2681 esse
1052 2631 1381 2692 contenderem,
1412 2641 1576 2697 Hysias

105 2726 227 2766 vem,
252 2714 397 2757 locum
431 2716 655 2757 desertum
687 2722 731 2758 et
763 2717 900 2759 ruinis
937 2717 1186 2773 squalidum
1221 2718 1299 2774 (cf.
1318 2719 1510 2762 Pausan.
1525 2722 1576 2762 11.

107 2790 234 2848 249)
262 2793 348 2837 loci
374 2794 597 2838 vocabulo
628 2796 943 2853 designandas,
974 2811 1060 2854 quo
1090 2796 1186 2841 fere
1215 2798 1475 2855 oppidorum
1507 2813 1575 2842 ru-
