1914 3237
741 188 874 232 Liber
904 189 988 233 VI.
1546 189 1599 231 91

131 326 174 361 et
190 318 413 362 Antiocho
445 318 626 362 Seleuci
655 317 746 360 filio
781 317 902 359 missi
932 316 1123 370 fuerunt,
1157 320 1213 360 ad
1243 318 1601 361 Amitrochadem

127 397 299 440 scilicet
315 396 599 439 Sandrocotti
627 394 777 445 filium,
810 408 939 449 quem
977 396 1105 437 etiam
1125 396 1365 439 litterarum
1387 410 1600 438 commer-

129 476 198 518 cio
231 490 329 517 cum
342 473 564 516 Antiocho
597 474 879 515 coniunctum
908 472 1050 515 fuisse
1083 482 1275 526 constat,
1307 475 1364 516 cf.
1384 475 1530 517 Strab.
1551 477 1600 517 Il.

128 554 256 609 p.70‚
276 552 437 593 Athen.
458 550 575 592 XIV.
596 568 640 607 p.
655 551 750 592 652.
782 552 871 592 Iam
899 565 1009 592 vero
1042 552 1276 607 permirum
1304 553 1494 604 videtur,
1516 554 1603 596 Pli-
1620 576 1674 594 ι

126 632 243 673 nium
266 631 391 674 varia
418 631 640 673 variorum
669 629 880 672 librorum
912 630 1184 685 exemplaria
1222 632 1336 672 inter
1365 644 1416 672 se
1449 640 1603 673 contu-
1663 630 1666 637 '
1709 623 1713 637 '¹

126 708 236 750 lisse
271 716 403 763 atque
441 710 692 764 scripturae
735 709 1060 763 discrepantias
1101 716 1313 750 accurate
1342 717 1603 762 annotasse,

127 788 280 829 mirum
309 794 352 828 et
383 789 427 829 in
461 788 675 830 immenso
709 802 838 844 quem
870 794 1140 843 susceperat
1167 786 1323 828 labore
1352 788 1426 830 vix
1462 789 1605 830 credi·

128 865 231 908 bile.
271 866 464 908 Accedit
488 867 605 921 quod
633 874 721 908 tum
741 867 1007 919 stadiorum,
1036 879 1125 906 non
1155 865 1434 907 miliariorum
1453 880 1604 908 nume-

127 959 206 986 ros
238 944 280 985 in
309 944 404 986 aliis
428 945 705 987 Graecorum
735 952 967 988 auctorum
996 944 1225 987 codicibus
1252 944 1380 986 aliter
1408 945 1603 1000 scriptos

130 1037 474 1065 commemorare
508 1024 714 1079 oportuit.
789 1024 993 1078 Denique
1031 1023 1179 1065 verbis
1217 1022 1349 1064 valde
1389 1025 1603 1080 ambiguis

130 1109 173 1143 et
202 1101 418 1156 impeditis
451 1116 734 1144 numerorum
766 1101 1038 1143 differentiae
1069 1100 1374 1156 proferuntur.
1423 1102 1535 1145 Nam
1563 1111 1606 1144 et

131 1178 255 1235 §.G-2.
286 1180 438 1222 verbis
471 1181 558 1232 „In
593 1181 902 1235 quibusdam“
933 1179 1014 1220 rel.
1045 1186 1269 1221 structura
1300 1181 1432 1223 totius
1469 1196 1604 1223 enun-

131 1258 220 1300 tiati
243 1259 512 1315 pervertitur
534 1266 577 1300 et
596 1258 667 1313 qui
687 1257 728 1313 ξ.
745 1258 813 1300 63.
834 1257 1073 1299 laudantur
1102 1257 1236 1310 „alii“
1264 1266 1307 1300 et
1327 1258 1606 1314 ‚2pleriq11e“‚

132 1338 216 1380 etsi
245 1337 342 1380 libri
372 1338 487 1380 Mss.
518 1337 711 1389 fuerunt,
747 1351 894 1378 rerum
924 1337 1172 1392 scriptores
1208 1338 1412 1379 videntur
1448 1338 1603 1382 fuisse.

131 1416 271 1463 Quam
309 1418 365 1458 ob
401 1430 494 1457 rem
526 1431 642 1471 quae
676 1417 803 1459 uncis
840 1416 1096 1459 inclusimus
1137 1430 1227 1458 non
1263 1431 1289 1458 a
1321 1416 1462 1459 Plinio
1502 1433 1606 1473 pro-

130 1493 251 1537 fecta
288 1510 391 1538 esse
423 1496 614 1537 arbitror
639 1503 682 1537 et
714 1509 827 1549 quae
847 1494 889 1536 h.
909 1495 937 1536 1.
964 1495 1198 1537 laudantur
1230 1496 1517 1552 exemplaria„
1554 1498 1604 1540 iis

130 1589 219 1616 non
242 1574 446 1617 Graecos
474 1576 612 1618 libros
649 1575 729 1616 sed
755 1574 894 1629 ipsius
928 1574 1124 1616 auctoris
1156 1575 1337 1617 codices
1373 1576 1603 1626 contineri,

132 1667 245 1707 quos
284 1668 414 1708 quum
442 1654 484 1694 in
522 1654 714 1695 numeris
746 1667 834 1694 non
864 1654 1118 1695 consentire
1136 1653 1432 1696 intellexisset
1463 1669 1606 1710 gram-

130 1731 316 1773 maticus
356 1732 427 1787 qui
463 1733 518 1773 ad
547 1739 824 1773 vetustorum
855 1731 1065 1773 librorum
1102 1740 1313 1773 accurate
1345 1732 1606 1775 collatorum

132 1810 264 1851 fidem
293 1809 542 1866 exemplum
572 1810 690 1851 unde
721 1810 862 1851 nostri
893 1810 1075 1852 codices
1094 1810 1317 1852 fluxerunt
1343 1812 1607 1866 composuit,

132 1888 290 1931 sedulo
321 1889 364 1929 in
395 1888 587 1942 margine
623 1888 875 1942 scripturae
915 1902 1045 1943 quam
1080 1890 1314 1932 invenerat
1347 1891 1607 1932 varietatem

133 1967 376 2019 annotavit,
399 1967 515 2008 unde
542 1967 585 2007 in
608 1966 843 2022 archetypi
864 1974 1027 2009 textum
1046 1968 1260 2024 migravit.
1297 1969 1462 2010 Iunium
1489 1969 1609 2012 illum

133 2046 412 2087 Laurenaum
443 2046 538 2088 sive
557 2046 704 2100 potius
723 2045 1038 2087 Laurentinum
1058 2047 1172 2098 dico,
1208 2047 1250 2087 in
1277 2048 1608 2103 subscriptione

136 2124 302 2166 codicis
335 2124 377 2165 A
413 2125 467 2165 ad
507 2124 675 2166 calcem
711 2124 808 2166 libri
842 2126 982 2180 quarti
1021 2125 1302 2175 nominatum,
1335 2126 1422 2179 qui,
1452 2134 1496 2167 ut
1526 2127 1610 2168 iam

133 2217 176 2244 n.
211 2202 278 2244 39.
311 2202 672 2259 significavimus,
711 2203 896 2245 saeculo
937 2210 1094 2258 quarto
1129 2211 1235 2258 post
1272 2204 1374 2246 Chr.
1411 2219 1453 2245 n.
1486 2204 1611 2247 Plinii

135 2296 250 2336 opus
288 2283 529 2324 recensuit.
607 2284 854 2337 Pei-magna
892 2284 1005 2324 enim
1054 2296 1335 2323 numerorum
1377 2285 1613 2337 perturba-

137 2359 254 2400 tione
301 2359 804 2416 hanckdescriptionem
846 2361 1079 2402 etiamnum
1122 2361 1331 2402 laborare
1379 2375 1433 2403 eo
1479 2376 1612 2417 prae-

137 2437 287 2480 sertim
323 2439 516 2479 ostendit
551 2438 963 2493 Schwanbeckius,
1015 2441 1132 2495 quod
1183 2448 1367 2495 praeter
1402 2439 1612 2483 DCXXV

137 2515 223 2557 mil.
253 2530 377 2570 pass.
417 2516 562 2559 nullus
607 2520 663 2559 ad
702 2519 880 2574 plenam
918 2521 1159 2562 stadiorum
1191 2534 1440 2561 mensuram
1481 2533 1612 2561 revo-

138 2595 230 2637 cari
265 2601 441 2649 potest,
484 2603 525 2637 et
570 2597 789 2649 ultimum,
842 2613 927 2653 quo
977 2599 1167 2654 spatium
1206 2600 1320 2640 inter
1358 2598 1616 2640 Palibothra

139 2673 399 2729 Gangisque
437 2675 594 2716 ostium
633 2677 860 2728 definitur,
898 2678 942 2719 in
979 2677 1328 2720 DCCXXXVIII
1365 2679 1615 2720 mutandum

142 2766 245 2795 esse
274 2751 507 2796 Strabonis
544 2753 647 2797 loco
682 2755 780 2797 XV.
808 2772 851 2811 p.
871 2756 968 2798 689.
1008 2758 1322 2811 comprobatur
1354 2757 1426 2811 qui
1458 2770 1481 2798 e
1518 2757 1617 2799 Me-

141 2831 356 2888 gasthene
391 2846 473 2876 sex
506 2833 620 2875 milia
656 2835 898 2876 stadiorum
934 2835 1142 2877 nominat.
