1914 3237
282 171 335 215 96
894 175 1007 215 Liber
1042 177 1137 215 XX.

283 302 392 354 vult,
426 300 477 342 dc
509 315 589 356 quo
622 301 791 356 pluralis
823 316 902 344 usu
933 303 1091 345 dubito.
1151 304 1359 359 Equidem
1406 304 1743 359 interpunctione

281 378 421 420 deleta
444 378 543 420 folia
563 393 646 420 una
662 380 687 420 i.
710 393 744 420 e.
766 380 887 421 simul
910 381 1102 435 rotunda,
1134 396 1264 437 parva
1286 382 1393 423 levia
1411 382 1612 436 appellari
1628 387 1741 437 puto.

170 478 250 519 433
861 475 922 520 95
960 495 1006 515 =
1044 474 1168 530 9,36.

348 552 531 603 Virium
566 555 812 605 brassicae
871 574 1014 607 unum
1052 565 1098 607 et
1135 574 1362 622 maguum
1406 562 1741 623 argumentum

344 642 583 691 addemus
619 658 676 691 ac
713 644 945 694 mirabile.

389 729 521 770 Codd.
554 729 630 770 Td
666 734 922 784 ammirabile,
954 735 1250 782 aadmirabile,
1281 732 1393 786 quod
1423 732 1474 773 ab
1506 734 1607 773 lano
1639 734 1741 774 reci-

279 807 388 861 pitur
418 807 623 861 asyndeto
655 822 738 848 non
770 808 965 863 ferendo;
999 810 1212 865 vulgatam
1245 810 1491 863 scripturam
1518 815 1599 850 eta
1618 809 1739 850 codd.

277 884 396 925 MSS.
429 884 610 925 alienam
641 890 681 926 et
712 892 881 941 propter
911 887 1133 928 verborum
1161 888 1478 929 collocationem
1503 888 1740 942 relinquen-

277 961 373 1002 dam
413 975 507 1002 esse
547 969 736 1017 apparet.
795 964 964 1006 Scilicet
997 980 1081 1007 voc.
1129 969 1363 1006 admirabile
1392 965 1493 1006 nihil
1532 965 1644 1006 aliud
1677 976 1739 1006 est

275 1053 400 1094 quam
432 1041 545 1081 vocis
577 1055 761 1091 maqnum
792 1042 1105 1097 interpretatio,
1148 1056 1173 1084 a
1218 1042 1365 1084 sedulo
1406 1043 1541 1084 scriba
1582 1043 1738 1084 addita.

278 1117 492 1159 Lacunam
526 1120 562 1173 ξ.
596 1120 648 1164 97
683 1121 805 1161 lanus
838 1120 945 1162 bene
977 1120 1173 1175 explevit.

166 1228 246 1271 434
852 1225 914 1272 98
950 1241 993 1259 =
1029 1225 1155 1281 939.

340 1306 446 1358 Hoc
508 1309 558 1356 fit
608 1313 719 1358 ante
767 1309 1026 1359 solstitium
1079 1309 1253 1359 diebus
1291 1309 1520 1370 XLV1H3
1573 1325 1736 1375 gypso

339 1395 518 1445 deinde
556 1396 735 1446 oblitus
794 1399 946 1447 cadus
983 1398 1177 1463 ponitur
1230 1399 1319 1448 sub
1356 1397 1537 1463 tegulis
1591 1400 1738 1447 totius

340 1484 435 1533 diei
490 1484 646 1534 solem
698 1486 1075 1550 accipientibus3
1145 1492 1257 1551 post
1316 1502 1426 1535 eum
1486 1501 1735 1536 numerum

342 1572 528 1621 dierum
566 1572 748 1623 tollitur
783 1589 870 1623 vas
907 1579 1000 1624 etc.

376 1660 515 1701 Etiam
555 1661 748 1702 omnibus
796 1661 1010 1704 codicibus
1056 1662 1368 1718 refragantibus
1409 1662 1599 1704 ordinem
1647 1675 1736 1703 ver-

274 1739 421 1780 borum
453 1753 518 1780 res
558 1739 649 1794 ipsa
678 1740 890 1795 flagitaret
928 1741 987 1781 ita
1018 1741 1323 1782 restituendum
1356 1755 1471 1793 esse,
1502 1748 1548 1782 ut
1578 1741 1737 1782 dierum

273 1830 470 1858 numerus
502 1817 574 1871 qui
604 1819 646 1858 in
676 1820 759 1859 fine
791 1833 940 1860 sensus
972 1824 1335 1871 commemoratur,
1367 1833 1461 1859 cum
1492 1820 1610 1860 initio
1641 1833 1737 1859 con-

273 1895 527 1950 iungeretur.
560 1896 681 1937 Nunc
712 1896 850 1951 ipsum
881 1897 974 1938 cod.
1009 1900 1047 1940 Θ
1078 1902 1247 1939 secutus
1278 1897 1394 1951 lego:

326 1987 451 2027 yypso
482 1998 535 2003 ——
565 1978 851 2026 accipientibus
862 1990 876 2024 ;
907 1979 984 2017 hoc
1010 1981 1056 2026 fil
1087 2001 1133 2006 -
1165 1990 1248 2018 vas.

162 2084 243 2128 435
842 2069 932 2116 103
970 2080 1008 2099 ³³
1054 2069 1179 2125 9‚40.

342 2152 644 2217 Lentiginem
683 2168 791 2203 cum
831 2154 941 2204 vino
978 2159 1059 2203 aut
1095 2170 1202 2204 cum
1240 2154 1427 2204 cucumi
1466 2159 1606 2204 cocto
1659 2154 1736 2213 (il-

339 2239 406 2289 liti
441 2242 701 2290 emendant
739 2241 917 2304 bulbi).

381 2328 528 2384 Neque
560 2344 653 2371 cum
693 2330 856 2371 cucumi
913 2343 1049 2385 neque
1101 2344 1195 2371 cum
1236 2331 1425 2384 cumino,
1488 2329 1600 2385 quod
1633 2330 1734 2370 Iano

273 2406 451 2461 placuit,
500 2407 729 2462 quidquam
772 2408 968 2460 illinitur,
1021 2408 1100 2448 nisi
1152 2408 1312 2464 liquore
1353 2409 1492 2464 aliquo
1533 2407 1735 2449 adhibito.

274 2484 400 2525 Cuius
431 2498 582 2526 nomen
615 2500 637 2526 e
669 2485 861 2527 codicum
899 2486 1010 2527 vitiis
1039 2500 1124 2527 cum
1153 2491 1308 2528 cucume‘
1336 2495 1449 2528 coelo
1484 2490 1521 2529 Θ
1532 2520 1541 2539 ,
1581 2491 1736 2527 cucuma·

273 2570 384 2602 cocco
416 2575 461 2615 a,
493 2577 580 2604 cum
610 2568 781 2617 cumino,
819 2569 973 2606 cumino
1004 2572 1117 2606 cocto
1148 2564 1174 2605 d
1206 2570 1292 2605 tum
1323 2565 1499 2616 eruitur,
1538 2578 1631 2605 cum
1665 2563 1734 2604 de·

273 2640 366 2679 letis
407 2654 514 2694 quae
564 2642 626 2682 bis
666 2642 905 2684 scribuntur
940 2643 1089 2683 litteris
1131 2656 1202 2683 eas
1258 2656 1366 2697 quae
1411 2643 1453 2683 in
1492 2641 1734 2682 melioribus

273 2723 515 2772 corruptae,
562 2721 603 2761 in
635 2721 913 2762 deterioribus
943 2721 1222 2776 interpolatae
1264 2726 1361 2761 sunt
1390 2724 1607 2761 cumicocm
1639 2733 1734 2760 con-

274 2799 523 2841 sideraveris
562 2807 603 2840 et
642 2813 734 2841 cum
775 2800 1034 2841 Dioscoridis
1066 2800 1156 2841 loco
1195 2798 1249 2839 ll.
1290 2800 1372 2841 200
1410 2801 1734 2854 comparaveris.
