1914 3237
734 203 849 242 Liber
877 202 1019 241 XVII.
1181 241 1186 248 ,
1552 198 1606 240 37

141 332 243 374 illud
276 332 501 384 referatur,
544 330 670 386 idque
700 331 741 371 in
772 329 922 370 litteris
954 343 1043 370 nam
1075 338 1116 371 ul
1145 344 1165 370 e
1194 331 1333 371 inesse
1375 327 1608 384 putandum

141 416 230 463 est;
269 410 399 451 maior
431 414 495 449 est
525 408 636 448 enim
667 407 824 448 codicis
854 421 878 447 a
908 407 1033 448 etiam
1077 408 1119 447 in
1150 407 1398 462 corruptelis
1431 405 1609 447 auctori-

142 493 206 528 tas
237 501 361 542 quam
401 479 636 526 ceterorum
676 485 853 540 quinon
893 493 933 525 ιι]
963 484 1238 542 elexhibent.
1299 484 1408 531 Quid
1448 484 1610 524 multa?

140 567 186 606 In
219 564 448 618 archetypo
487 562 633 604 codice
665 562 865 618 scriptum
908 541 998 604 erat
1037 561 1274 603 uncialibus
1317 561 1466 602 litteris
1498 561 1610 616 quod

139 643 181 683 in
213 654 238 682 a
268 646 463 682 accurate
494 655 742 695 expressum
772 640 927 696 legitur
956 640 1222 692 NAMVTE,
1273 639 1385 693 quod
1417 639 1611 679 deletaN

140 733 249 775 quae
280 734 302 760 e
339 720 532 774 proxima
572 732 674 759 voce
715 718 990 771 adhaeserat,
1029 719 1071 759 in
1101 716 1300 758 ATINIE
1330 718 1353 756 i.
1386 730 1421 757 e.
1453 719 1613 757 Atiniae

139 802 325 839 mutetur
362 811 539 838 necesse
579 802 654 839 est.
712 796 808 837 Duo
851 800 971 837 erant
1009 796 1218 836 ulmorum
1258 807 1416 849 genera
1457 794 1612 835 vitibus

140 881 253 931 apta,
285 875 492 917 Gallicum
524 887 648 929 quam
681 872 915 915 Columella
947 874 996 914 V.
1028 874 1066 917 6.
1104 873 1293 914 Atiniam
1325 877 1366 913 et
1396 871 1509 927 quod
1539 885 1612 913 no-

141 959 248 995 stras
281 954 477 1009 appellat.
529 953 652 993 Prius
683 957 803 993 erant
842 952 1013 1007 quidem
1044 954 1113 1007 qui
1143 952 1187 992 in
1217 951 1292 992 tali
1327 964 1409 991 usu
1440 950 1613 991 damna-

140 1036 254 1084 rent,
301 1031 353 1072 cf.
383 1032 492 1072 Plin.
525 1031 559 1084 §.
591 1031 692 1081 200,
738 1029 813 1071 sed
843 1031 884 1070 in
914 1030 995 1070 illis
1032 1043 1170 1085 neque
1204 1030 1296 1084 ipse
1329 1029 1491 1069 Plinius
1536 1028 1615 1068 fuit

140 1109 208 1159 (cf.
242 1110 277 1163 §-
309 1109 438 1161 208),
485 1109 554 1163 qui
591 1108 779 1148 diversos
826 1107 1002 1148 diversis
1033 1107 1135 1148 locis
1177 1112 1371 1148 auctores
1413 1107 1614 1161 sequitur,

140 1201 278 1243 neque
310 1186 567 1238 Columella,
608 1199 731 1241 quem
762 1185 832 1226 hic
863 1190 960 1226 ante
1002 1186 1146 1227 oculos
1175 1185 1336 1227 habuit.
1391 1183 1473 1232 Qui
1503 1198 1613 1239 ,pos-

141 1270 252 1316 ‚sunt
282 1266 432 1317 etiam,
464 1264 535 1317 ait,
568 1264 771 1305 collectae
803 1277 897 1304 cum
934 1263 1134 1319 stirpibus
1165 1262 1337 1318 plantae
1369 1261 1520 1303 eadem
1547 1275 1614 1303 ra-

142 1344 270 1397 ,tione
302 1343 481 1398 disponi,
512 1342 624 1397 quod
654 1342 696 1382 in
726 1342 872 1383 Atinia
903 1342 1016 1383 ulmo
1047 1342 1137 1383 fieri
1167 1353 1346 1383 necesse
1377 1344 1466 1393 est,
1506 1353 1615 1395 quae

141 1436 237 1475 ,non
269 1422 420 1463 seritur
445 1435 467 1463 e
499 1434 676 1462 samera.
738 1419 822 1461 Sed
863 1420 971 1461 haec
1009 1420 1148 1461 ulmus
1194 1419 1386 1461 autumni
1423 1423 1616 1474 tempore

142 1500 306 1553 ,melius
337 1513 463 1555 quam
493 1513 593 1541 vere
624 1499 891 1554 disponitur.‘

721 1665 784 1713 80
803 1679 857 1698 =
876 1664 1031 1721 11‚16.
1647 1667 1729 1711 317

209 1763 380 1814 Graeci
419 1769 646 1813 auctores
684 1762 998 1813 consentiunt
1042 1761 1299 1820 (scrobes)
1343 1774 1439 1809 non
1479 1758 1618 1808 altio-

208 1868 285 1902 res
341 1852 488 1916 quino
543 1850 909 1916 semisquipede
973 1849 1253 1914 (semipede
1303 1848 1431 1908 Ian.)
1504 1862 1616 1896 esse

209 1940 392 1990 debere
428 1967 488 1973 —-
640 1939 869 2002 quoniam
904 1939 950 1987 in
1007 1937 1170 1987 umido
1208 1936 1316 1986 solo
1353 1936 1415 1985 ad
1452 1935 1614 1985 vicina

211 2043 367 2092 aquae
405 2027 673 2092 perveniat.

250 2127 580 2182 Xenophontem
609 2127 911 2181 interpretatus
943 2129 1008 2166 est
1036 2124 1218 2176 Plinius,
1259 2123 1301 2163 in
1343 2123 1462 2164 cuius
1495 2135 1617 2164 0000-

141 2220 251 2247 nom.
276 2205 340 2248 19.
370 2206 396 2248 7
426 2205 579 2260 legitur
601 2201 698 2247 ἐπεὶ
729 2203 776 2246 ἔν
797 2219 846 2257 γε
875 2207 924 2262 τῇ
951 2201 1061 2260 ὑγρᾷ
1094 2201 1288 2258 ὀρύττων
1319 2201 1468 2254 βαθὺν
1499 2199 1616 2255 ὕδωρ

143 2284 198 2325 ὀὶν
229 2281 464 2340 εὖρίσκοιςε
511 2283 654 2338 itaque
692 2281 959 2323 scribendum
1000 2286 1064 2322 est
1090 2283 1312 2332 pervenias.
1345 2279 1465 2328 Quae
1497 2280 1533 2332 ξ.
1564 2278 1616 2320 81

144 2360 196 2402 de
226 2361 381 2415 Papirii
413 2359 605 2401 Cursoris
637 2361 729 2402 ioco
760 2363 1005 2412 narrantur,
1046 2372 1140 2400 cum
1171 2359 1369 2399 Pintiano
1401 2362 1442 2398 et
1472 2356 1616 2411 Lipsio

145 2439 196 2479 ab
227 2438 307 2479 hoc
345 2443 459 2479 certe
498 2439 590 2479 loco
630 2438 770 2479 aliena
800 2451 894 2478 esse
933 2450 1108 2490 censeo,
1157 2450 1266 2492 quae
1298 2436 1370 2477 ubi
1410 2435 1617 2486 omiseris,

142 2517 304 2572 reliqua
333 2516 431 2557 inde
475 2530 499 2556 a
528 2531 566 2556 v.
598 2519 739 2557 ceteris
777 2529 911 2570 usque
952 2515 1005 2556 ad
1035 2530 1073 2556 v.
1105 2518 1344 2556 nudaverint
1382 2517 1479 2569 apte
1518 2526 1615 2553 con-

142 2596 259 2651 iungi
290 2593 614 2636 animadvertes.
674 2594 823 2649 Neque
853 2599 995 2635 tamen
1025 2593 1162 2634 Plinio
1194 2606 1366 2648 prorsus
1397 2591 1612 2633 abiudica-

143 2674 294 2726 verim,
333 2688 427 2714 cum
457 2673 615 2728 Papirii
647 2673 774 2714 etiam
805 2672 905 2713 alibi
934 2671 1049 2713 XIV.
1083 2673 1133 2714 91
1165 2671 1421 2712 mentionem
1452 2669 1614 2720 feeerit,

145 2751 219 2793 sed
247 2752 428 2807 margini
466 2752 560 2793 libri
602 2751 816 2806 adscripta
851 2750 1089 2806 putaverim
1127 2737 1205 2790 suss
1241 2753 1393 2804 postea
1428 2749 1520 2789 1000
1551 2747 1613 2787 in-

143 2829 332 2872 serenda.
385 2830 508 2878 Quod
537 2844 591 2871 ne
619 2829 793 2881 faceret,
823 2834 959 2870 morte
988 2828 1222 2884 impeditus
1253 2832 1329 2870 est.
1435 2826 1439 2829 ‘
