1914 3237
148 584 231 626 208

149 1194 233 1238 209

146 2672 232 2713 210

250 136 330 178 166
856 139 988 181 Liber
1017 139 1106 181 XI.

249 273 367 301 nune
397 258 500 313 gula
528 272 638 301 sane
676 261 701 304 i.
725 275 762 305 e.
795 261 929 318 ὑγιῶς
960 264 1055 305 sine
1094 264 1371 305 incommodo
1403 270 1535 319 atque
1563 262 1725 305 utiliter

252 344 294 378 et
321 337 407 378 cito
438 337 600 379 deferri
631 339 778 383 refert.
845 343 995 398 Itaque
1026 344 1309 385 scribendum
1343 344 1447 385 erit:

309 460 362 468 —-
384 437 629 493 appellatur
651 440 774 498 qula
804 455 905 503 qua
931 456 1058 482 sane
1089 441 1205 483 cibus
1235 449 1365 505 alque
1390 451 1516 499 potus
1545 444 1726 488 devolat.

807 576 902 623 179
922 601 976 621 =
993 577 1075 639 37,
1095 578 1176 626 68.

319 672 436 722 Hoc
465 674 658 722 nomine
686 675 984 742 (stomachi)
1017 685 1092 725 est
1122 680 1211 726 sub
1236 679 1444 727 arteria
1480 679 1590 728 iam
1626 696 1728 728 car-

320 779 440 812 nosa
475 763 682 812 inanitas
724 770 805 812 rel.

363 875 584 930 Displicet
618 876 807 917 otiosum
837 875 941 918 illud
971 877 1078 932 iam,
1118 878 1237 932 quod
1280 891 1304 918 e
1335 876 1634 931 dittographia
1664 891 1732 919 οι·-

254 959 342 994 tum
377 965 482 995 esse
518 954 707 996 videtur.
774 954 995 1009 Scriptum
1026 963 1150 1005 erat,
1185 956 1356 1010 opinor,
1387 955 1428 995 in
1460 955 1730 1011 archetypo:

253 1044 494 1082 alu-numm,
524 1031 641 1072 unde
667 1030 833 1074 sactum
855 1039 924 1075 est
955 1031 1115 1074 lineola
1144 1033 1460 1089 superinducta
1490 1034 1654 1074 arteria
1676 1024 1731 1075 ίιῖ.

803 1176 900 1224 180
920 1198 971 1220 =
993 1176 1188 1226 ibidem.

322 1274 585 1324 novissima
620 1276 860 1340 asperitas
896 1276 1196 1344 (stomun-let)
1228 1285 1281 1326 ut
1318 1277 1517 1326 scobina
1545 1275 1729 1325 fabris.

366 1386 430 1429 Ita
450 1386 643 1441 Silligius
664 1399 689 1427 e
711 1387 840 1428 codd.
869 1387 960 1436 Rd3
990 1396 1123 1429 antea
1150 1386 1268 1444 fabri
1295 1387 1537 1442 legebatur.
1568 1386 1732 1428 Verum

256 1463 449 1506 dativum
478 1462 616 1520 fabris
644 1466 705 1508 ita
735 1467 852 1508 nude
874 1469 1062 1521 positum
1093 1469 1247 1510 nescio
1273 1468 1490 1523 quomodo
1521 1467 1733 1521 explicari

254 1540 414 1597 possit.
470 1543 623 1598 Itaque
653 1552 853 1598 praestat
884 1559 971 1586 una
1000 1545 1170 1599 syllaba
1202 1547 1376 1588 adiecta
1410 1546 1630 1588 scribere:

742 1627 792 1662 ut
820 1620 993 1662 scobina
1021 1619 1235 1677 fabrilis,

255 1700 453 1743 Scobina
489 1701 603 1742 enim
643 1701 756 1742 sieut
794 1700 896 1742 lima
939 1701 1122 1743 materia
1156 1700 1326 1743 fabrilis
1359 1708 1451 1753 est,
1499 1699 1553 1742 cs.
1586 1700 1733 1742 Varro

255 1779 307 1821 L.
324 1779 376 1821 L.
402 1779 496 1822 Vll.
518 1779 584 1821 94.

369 1880 497 1928 Quae
525 1879 801 1933 praecedunt
833 1885 896 1920 tot
913 1880 1081 1920 mendis
1113 1880 1406 1935 inquinantur,
1435 1881 1594 1921 utsine
1613 1879 1734 1919 libris

254 1958 512 2000 melioribus
530 1957 821 2013 probabiliter
841 1959 1064 1999 emendari
1083 1967 1317 2014 nequeant.
1361 1959 1506 2015 Atque
1534 1961 1646 2000 idem
1680 1960 1734 2000 (le

255 2035 453 2092 plurimis
483 2034 613 2076 liuius
645 2035 742 2076 libri
767 2034 878 2077 locis
908 2034 1040 2087 valet,
1073 2035 1207 2077 veluti
1241 2037 1294 2077 (le
1326 2036 1364 2091 ὃ.
1386 2037 1484 2091 195,
1517 2038 1587 2078 ubi
1620 2050 1733 2092 quae

254 2128 373 2156 nunc
388 2114 528 2155 verba
550 2113 672 2154 Plinii
690 2112 908 2167 leguntur,
931 2113 1096 2154 diserto
1116 2113 1369 2155 Aristotelis
1395 2116 1645 2156 testimonio
1666 2115 1734 2155 De

255 2201 368 2249 part.
399 2194 527 2234 anim.
556 2192 627 2236 lV.
648 2192 685 2233 ἰ).
719 2200 761 2234 et
789 2192 901 2234 llist.
923 2194 1054 2235 anim.
1078 2193 1125 2236 ll.
1150 2192 1214 2234 15.
1245 2193 1541 2248 refragantur.
1604 2194 1733 2240 Quod

257 2273 458 2315 sortasse
486 2271 715 2314 ferendum
748 2273 842 2322 erit,
875 2287 1003 2328 quum
1032 2286 1142 2314 sane
1175 2273 1511 2314 concedendum
1546 2273 1629 2322 sit,
1664 2280 1735 2314 sat

255 2352 416 2394 multos
452 2351 579 2393 locos
619 2351 874 2393 Aristotelis
912 2334 1023 2393 male
1062 2352 1311 2393 intellectos
1356 2351 1425 2393 vel
1461 2351 1735 2407 negligenter

258 2437 499 2486 excerptos
529 2431 730 2486 reperiri,
760 2431 814 2473 cf.
846 2432 1076 2488 Montigny
1109 2447 1151 2487 p.
1173 2431 1227 2472 57
1248 2445 1344 2487 sqq.

371 2525 418 2566 ln
449 2526 487 2581 ἓ.
506 2524 601 2566 196.
635 2525 847 2567 Harduini
875 2526 1281 2581 interpretationem
1311 2525 1464 2580 pr0b0.

819 2660 916 2708 200
934 2684 985 2703 =
1004 2661 1082 2722 37,
1101 2661 1181 2708 79.

256 2762 281 2810 1
353 2761 518 2810 dcirco
556 2761 708 2826 magis
741 2761 869 2810 avidi
904 2760 1149 2822 ciborum,
1197 2760 1370 2824 quibus
1411 2761 1468 2807 ab
1501 2760 1606 2808 alvo
1636 2760 1736 2808 lon-

1898 256 1903 268 ο

1898 285 1904 305 l

1899 323 1903 334 ι
