1914 3237
221 129 298 170 182
810 125 941 168 Liber
973 127 1102 168 XIV.

330 249 672 291 Grammaticum
704 249 876 303 quidem
919 250 1049 290 «lecet
1088 257 1298 291 accurate
1341 261 1573 291 mensuras
1610 262 1688 289 ex-

219 328 407 382 plicare,
448 327 629 369 Plinium
660 328 699 369 in
730 342 777 369 re
809 329 1061 382 quotidiano
1089 329 1204 370 vitae
1237 328 1575 382 commerciique
1604 340 1687 367 usu

220 404 448 446 notissima
478 420 564 447 non
599 407 757 449 decuit.
825 410 974 456 Quare
1007 410 1142 449 verba
1174 409 1300 449 uncis
1331 406 1501 448 inclusa
1533 407 1588 447 ab
1620 420 1691 447 eo-

222 485 320 526 dem
348 483 523 527 homine
553 500 640 528 non
664 488 842 528 indocto
873 489 1100 542 adscripta
1127 501 1229 529 esse
1253 487 1470 535 existimo,
1501 498 1627 540 quem
1644 484 1692 525 11.

218 561 289 603 85.
319 576 529 618 passuum
561 566 776 606 rationem
809 566 994 620 pedibus
1025 566 1238 607 Romanis
1268 565 1551 618 expressisse
1583 563 1691 603 vidi·-

221 655 319 684 mus
339 656 379 695 p.
405 641 470 685 13.
505 642 584 683 Cui
613 656 666 683 ea
687 657 861 697 quoque
883 644 1112 684 tribuenda
1135 644 1336 684 videntur
1358 656 1470 697 quae
1488 644 1694 683 Senecae

222 719 445 761 accidisse
478 727 726 763 narrantur.
799 722 941 768 Quum
973 723 1085 761 enim
1127 721 1291 761 Plinius
1320 721 1374 760 de
1404 721 1589 760 Ληηιιεο
1617 718 1693 761 Se-

215 812 348 859 neca,
379 798 571 853 principe
603 804 691 837 tum
721 798 977 838 ermlitionis
1007 813 1058 838 ac
1079 799 1321 853 potentiae,
1348 797 1518 837 locutus
1554 805 1694 845 essct,

223 874 296 917 ille
327 875 503 917 infausti
535 877 616 917 viri
647 875 919 916 celeberrimi
949 877 1092 917 exitus
1124 889 1289 916 memor
1317 875 1555 927 adscripsit
1586 889 1697 933 quae

221 957 431 1007 postremo
473 953 607 992 nimia
656 951 743 1007 fnit
788 967 918 1008 super·
960 954 1123 1008 ipsum,
1169 954 1320 995 verbis
1366 953 1539 1008 quidem
1586 966 1696 993 usus

222 1031 434 1085 gravibus
474 1039 517 1071 et
545 1031 687 1084 veris,
725 1031 806 1071 sed
839 1031 907 1072 vix
938 1031 1109 1072 Latinis
1144 1040 1273 1086 atque
1306 1031 1392 1072 hoc
1427 1030 1527 1071 loco
1566 1030 1697 1071 valde

223 1108 396 1163 ineptis.
431 1109 600 1157 Quodsi
629 1109 864 1163 quidquam
896 1110 952 1150 ad
982 1110 1247 1151 narrationis
1271 1117 1572 1164 argumentum
1595 1122 1696 1149 con-

225 1184 409 1237 ferrent,
441 1186 666 1228 Gronovio
697 1189 957 1230 accederem
989 1190 1060 1244 qui
1086 1190 1396 1245 corrigendum
1428 1202 1531 1229 esse
1549 1188 1699 1229 statuit

225 1264 337 1304 ruit:
368 1278 485 1305 nunc
507 1278 533 1305 a
551 1265 746 1306 Pintiano
765 1274 948 1308 eatenus
968 1274 1131 1308 tantum
1149 1269 1332 1309 discedo
1364 1269 1480 1323 quod
1512 1282 1563 1308 ea
1592 1281 1700 1322 quo-

227 1356 311 1398 que
340 1356 452 1398 quae
488 1344 784 1397 praecedunt,
817 1345 929 1386 male
963 1345 1150 1387 eiecisse
1182 1347 1364 1387 videtur.

120 1477 202 1518 234
857 1471 1062 1518 Ibidem.

294 1559 380 1607 Ac
421 1559 594 1623 nequis
630 1558 804 1607 victam
840 1559 888 1606 in
918 1560 1012 1608 hoc
1047 1560 1377 1624 antiquitatem
1409 1561 1700 1608 arbitrare-

297 1657 393 1710 tur,
424 1649 555 1697 idem
588 1650 709 1699 Cato
747 1650 900 1699 denos
937 1652 1104 1699 culeos
1142 1652 1306 1700 redire
1351 1668 1413 1700 ex
1453 1651 1704 1716 iugeribus

296 1739 496 1804 scripsit
527 1745 607 1786 rel.

341 1830 529 1870 Primum
561 1843 585 1870 e
618 1830 716 1873 cod.
736 1829 771 1869 T
804 1831 1103 1884 reponendum
1134 1830 1307 1871 videtur
1337 1831 1424 1879 At,
1455 1830 1614 1870 deinde
1643 1829 1704 1870 le-

228 1908 418 1963 gendum
449 1907 728 1951 arbitretur.
766 1909 892 1950 Novo
924 1910 1035 1950 enim
1067 1909 1271 1963 exemplo
1303 1909 1541 1950 fertilitatis
1569 1908 1704 1949 allato

229 2001 283 2029 eo
315 1995 461 2028 tamen
492 1987 793 2041 antiquitatem
826 2000 910 2027 non
942 1987 1054 2026 vinci
1088 1994 1234 2027 monet
1270 1995 1312 2027 et
1343 1986 1524 2028 Catonis
1558 1987 1706 2028 verbis

230 2066 505 2106 demonstrat
544 2064 642 2104 idco
682 2064 941 2118 adscriptis,
978 2077 1035 2105 ne
1065 2064 1162 2119 quis
1192 2065 1427 2105 arbitretur
1459 2065 1534 2104 rel.
1596 2064 1707 2105 Cato

230 2150 376 2184 autem
418 2156 550 2196 quum
591 2141 811 2183 scriberet
859 2141 914 2182 de
953 2154 1002 2182 re
1048 2148 1206 2195 postea
1251 2149 1462 2183 eventura
1509 2143 1708 2196 cogitare

231 2237 319 2265 non
349 2222 504 2277 potuit.

126 2337 208 2378 235
837 2310 1035 2371 55=4‚
1056 2311 1102 2358 6.

300 2403 357 2450 In
395 2401 596 2465 reliquis
645 2400 838 2447 claritas
884 2400 1052 2464 generi
1098 2417 1189 2448 non
1236 2401 1325 2448 suit
1369 2399 1540 2460 alicui;
1586 2415 1709 2447 anno

300 2491 390 2539 fuit
438 2490 649 2538 omnium
693 2506 927 2553 generum
973 2490 1215 2537 bonitas
1256 2492 1314 2538 L.
1356 2490 1552 2555 Opimio
1600 2506 1709 2537 con-

303 2582 408 2628 sule
440 2586 519 2627 rel.

348 2680 411 2721 lta
441 2691 563 2721 recte
596 2695 693 2721 cum
728 2681 952 2722 veteribus
985 2680 1198 2735 exemplis
1230 2689 1272 2722 et.
1300 2681 1494 2733 Siltigius
1527 2690 1568 2722 et
1603 2681 1709 2722 Har-

236 2760 393 2800 duinus
424 2759 732 2811 distinxerunt,
761 2774 888 2813 quem
920 2769 1020 2800 ante
1054 2774 1209 2801 vocem
1242 2759 1376 2798 alit-ni
1401 2769 1606 2814 punctum
1640 2775 1713 2815 po-

244 2839 392 2881 suisse
425 2836 541 2879 falso
576 2837 711 2878 refert
743 2838 949 2891 Silligius.
1009 2839 1137 2886 Quod
1173 2846 1316 2879 antem
1350 2839 1462 2879 idem
1497 2838 1714 2892 vulgatam
