1914 3237
732 162 848 200 Liber
867 161 1045 201 XXXV.
1541 153 1620 197 221

157 269 332 335 canibus
378 292 632 346 reliquisque
677 288 928 331 animalibus
973 287 1163 329 traditur.
1235 285 1429 341 βλαβερὰ
1473 285 1555 339 γὰρ
1603 281 1622 337 ἢ

157 370 398 427 ἀποφορὰ,
428 370 561 424 inquit
592 366 863 409 Dioscorides
895 380 950 407 so.
983 370 1059 407 τοῦ
1093 364 1328 419 μολύβδου,

696 448 788 496 168
823 466 865 484 =
889 443 1086 493 ibidem.
1651 437 1730 480 75¹⁷

223 565 284 570 -—
325 550 435 584 cum
472 550 527 583 se
563 534 669 598 ipso
706 532 874 581 teritur
907 532 952 580 in
991 531 1228 580 mortariis
1265 528 1506 595 plumbeis
1544 527 1625 576 ad-

225 623 324 670 dita
360 637 486 686 aqua
522 620 721 670 caelesti
758 621 919 669 donec
960 623 1233 668 crassescat

159 703 214 751 sc.
248 724 332 750 non
363 710 579 765 plumbum
612 708 687 749 sed
718 722 849 763 aqua,
892 707 972 756 ἕως
1002 707 1057 749 ἂν
1086 708 1284 763 μελανθῇ
1324 705 1372 746 τὸ
1406 704 1521 760 ὕδωρ
1553 707 1625 745 καὶ

157 791 333 843 γένηται
379 786 585 836 ἰλυῶδες,
632 786 772 827 Diosc.
822 787 877 826 ait
920 785 968 825 V.
999 785 1063 827 95.
1124 784 1272 839 Itaque
1322 796 1431 838 pone
1480 796 1623 822 vocem

159 865 322 918 ‚donae‘
357 864 582 906 inserenda
613 869 677 905 est
706 879 765 905 ea.

704 947 793 992 169
811 959 862 977 =
878 942 1075 991 ibidem.
1655 938 1736 982 ‘⁶62

229 1030 434 1092 Quidam
471 1031 515 1079 in
554 1030 748 1095 lapideo
787 1030 1014 1080 mortario
1058 1035 1105 1079 et
1141 1028 1348 1077 maxime
1377 1027 1624 1078 Thebaico

225 1118 505 1184 plumbeum
544 1117 776 1183 pistillum
814 1123 971 1167 terere
1008 1116 1206 1166 malunt.

267 1210 449 1258 plumbeo
485 1210 670 1257 pistillum
711 1206 748 1246 R
789 1209 969 1258 plumbeo
1006 1210 1154 1257 pistillo
1187 1205 1212 1245 d
1244 1210 1284 1246 et
1314 1205 1453 1259 vulgo.
1503 1204 1543 1246 οἷ
1580 1205 1628 1246 δὲ

160 1285 364 1341 καθαρὸν
400 1284 622 1338 μόλυβδον
668 1282 921 1339 ῥινήσαντες
970 1289 1197 1339 τρίβουσιν
1235 1281 1283 1325 ἐν
1326 1285 1473 1340 λιθίνῃ
1519 1286 1628 1340 θυϊᾳ

160 1364 330 1406 δοίδυκι
379 1365 535 1419 λιθίνῳ
581 1362 854 1402 Dioscorides
893 1362 915 1402 l.
961 1361 984 1402 l.
1046 1363 1192 1417 Itaque
1234 1360 1502 1402 scribendum
1544 1370 1627 1401 est:

155 1444 371 1494 plumbum
400 1444 585 1493 pistillo.

704 1521 787 1567 171
830 1534 882 1553 =
924 1521 1076 1576 18‚51.
1663 1534 1742 1576 762³,

228 1608 400 1659 Scoria
436 1638 495 1644 -
535 1606 716 1672 plumbi
753 1636 811 1643 —
850 1609 1031 1672 optima
1055 1622 1183 1671 ,quae
1220 1608 1427 1656 maxime
1464 1607 1525 1656 ad
1563 1606 1634 1658 lu-

227 1706 370 1748 teum‘
394 1697 610 1748 colorem
647 1697 865 1755 accedit,
919 1696 1024 1745 sine
1064 1695 1244 1761 plumbi
1299 1695 1516 1760 reliquiis
1554 1704 1632 1746 aut

229 1786 477 1851 sulphuris
511 1786 678 1850 specie
716 1789 762 1833 et
798 1789 924 1833 terra
946 1800 1134 1834 carens,

272 1876 369 1916 Duo
415 1879 574 1930 genera
624 1873 746 1914 simul
794 1874 953 1928 optima
984 1887 1079 1914 esse
1119 1879 1360 1929 nequeunt,
1406 1887 1543 1929 neque
1592 1875 1633 1914 in

163 1954 354 2010 proximo
382 1966 509 1994 sensu
530 1956 630 1993 haec
660 1952 740 1992 nisi
772 1965 856 1992 una
891 1951 1126 2008 eademque
1157 1957 1233 1995 est.
1265 1952 1444 1994 Accedit
1474 1952 1585 2007 quod
1611 1966 1635 1992 a

163 2032 412 2073 Dioscoride
453 2045 619 2086 quoque
658 2030 707 2072 V.
739 2030 791 2073 97
829 2030 934 2071 haec
963 2030 1098 2084 μηδὲν
1140 2029 1306 2083 ἔχουσα
1339 2030 1634 2084 μολυβδῶδες,

161 2109 435 2166 μηλινοειδὴς
475 2115 532 2167 τῷ
574 2109 769 2166 χρώματι
814 2109 904 2148 sola
940 2107 1148 2150 laudatur.
1209 2110 1357 2164 Itaque
1398 2109 1525 2150 verba
1566 2118 1635 2149 sm!

162 2192 365 2240 sulphuris
393 2193 562 2239 speciem
583 2187 837 2236 (accusativi
868 2187 978 2226 enim
1009 2187 1250 2228 terminatio
1282 2187 1545 2228 intercidisse
1576 2188 1634 2228 vi-

165 2266 310 2321 detur)
344 2280 454 2321 pone
486 2281 522 2306 v,
554 2270 724 2306 colorem.
757 2266 1017 2316 inserantur,
1054 2266 1078 2308 i.
1113 2279 1148 2306 e.
1181 2270 1278 2306 ante
1306 2280 1435 2306 unum
1467 2279 1634 2306 versum

163 2344 311 2386 XXVI
340 2345 597 2396 litterarum,
642 2344 711 2398 qui
753 2343 916 2384 scribae
954 2343 1227 2384 festinatione
1269 2356 1379 2385 nunc
1418 2344 1635 2399 praecedit

164 2437 216 2464 ea
246 2436 353 2478 quae
387 2424 505 2478 sequi
536 2421 732 2463 debebat.

723 2535 883 2584 LIBER
916 2536 1075 2584 XXXV.

220 2637 268 2678 In
299 2637 378 2678 hoc
410 2650 576 2692 quoque
607 2636 735 2689 libro,
772 2637 889 2676 cuius
921 2636 984 2689 ἓξ.
1004 2636 1152 2689 4—28,
1184 2636 1388 2689 {Ji—137,
1427 2638 1638 2680 lbi—157

164 2717 207 2756 in
251 2715 583 2757 chrestomathia
621 2714 840 2767 illustravi,
879 2715 1030 2756 accidit
1061 2714 1161 2755 mihi
1192 2719 1237 2754 ut
1266 2715 1490 2755 nonnullos
1523 2715 1637 2756 locos

164 2794 408 2850 imprudens
438 2795 546 2836 tales
576 2794 686 2849 typis
726 2793 1024 2848 exprimendos
1056 2793 1387 2835 transmitterem
1418 2793 1564 2847 quales
1596 2793 1636 2833 in
