1914 3237
710 189 830 230 Liber
859 190 900 228 Χ
911 188 1000 228 VII.
1531 179 1584 225 33

739 344 800 390 44
815 343 977 398 -—-,7‚4.
1616 345 1697 390 308

193 442 411 506 (Marga)
469 440 656 504 Fruges
709 439 791 489 alit
826 439 1046 496 tofacea,
1103 437 1337 500 albaque,
1392 436 1431 483 si
1466 435 1590 483 inter

186 531 345 581 fontes
399 533 613 592 reperta,
669 534 743 577 est
779 527 840 576 ad
890 526 1127 575 infinitum
1173 523 1366 582 fertilis,
1424 538 1589 572 verum

186 632 361 682 aspera
394 620 614 675 tractam,
653 616 693 665 si
723 616 867 664 nimia
895 614 1073 663 iniecta
1101 616 1188 668 est,
1228 612 1384 661 exurit
1417 609 1589 660 solum.

229 716 378 757 Talem
407 715 495 757 Sill.
527 729 549 756 e
577 715 770 757 codicum
800 713 990 769 vestigiis
1020 713 1159 754 locum
1190 710 1452 762 emendavit,
1482 709 1592 750 male

123 802 266 837 tamen
297 794 514 846 distinxit,
545 793 659 834 haud
692 793 818 834 dubie
849 792 909 833 sic
937 788 1343 846 interpungendum:

179 877 245 915 Fr.
263 888 300 916 α.
318 875 474 922 tofacea
495 876 678 923 albaque,
711 877 746 913 si
764 875 829 914 int.
855 874 888 921 f.
920 876 1080 921 reperta
1100 877 1177 919 est,
1210 870 1265 908 ad
1292 870 1482 917 infinitum
1507 867 1595 915 fer-

177 956 255 993 tilis
283 965 417 992 verum
446 964 591 1002 aspera
622 957 821 998 tractuum
853 952 887 990 si
917 952 1036 988 nimia
1066 946 1139 988 rel.

236 1029 273 1084 ξ.
304 1029 358 1072 46
414 1028 596 1069 fortasse
628 1029 782 1070 rectius
812 1032 1130 1079 qlaesomarqam
1159 1024 1367 1076 scribitur,
1398 1036 1424 1064 3
1449 1021 1594 1077 glaeso

125 1108 286 1150 scilicet
317 1106 590 1162 appellatam,

738 1209 986 1263 48:8,4.
1627 1216 1707 1262 309

191 1306 357 1357 Omnis
393 1292 555 1356 auten]
590 1321 758 1371 marga
794 1309 927 1354 arato
970 1304 1215 1353 inicienda
1253 1308 1327 1352 est
1360 1306 1411 1350 ut
1444 1300 1597 1350 medi-

193 1400 468 1445 camentum
504 1394 728 1459 rapiatur,
770 1398 815 1443 et
850 1392 947 1442 fimi
977 1392 1226 1441 desiderat
1247 1389 1599 1454 aliquantulum

192 1499 317 1548 quae
363 1483 515 1549 primo
555 1481 663 1547 plus
711 1497 885 1547 aspera
922 1486 969 1531 et
1020 1496 1145 1545 quae
1182 1480 1229 1528 in
1285 1479 1465 1529 herbas
1503 1492 1597 1528 non

193 1571 467 1621 effunditur.

239 1659 307 1700 Sic
340 1658 427 1699 Sill.
459 1673 553 1701 cum
591 1658 685 1701 edd.
718 1662 800 1699 vet.
831 1659 920 1698 Ian.
953 1671 1133 1709 quaeque
1159 1661 1313 1709 primo,
1359 1655 1431 1698 rel.
1489 1652 1600 1702 Quid

129 1738 285 1790 ,pre'mo‘
324 1736 555 1791 significet,
604 1742 751 1777 neuter
791 1735 1012 1790 explicuit:
1061 1750 1217 1777 annum
1258 1748 1351 1776 esse
1398 1732 1600 1789 proximis

130 1815 269 1856 verbis
303 1828 369 1868 ,ne
401 1815 461 1855 sic
492 1814 661 1870 quidem
693 1814 827 1869 primo
859 1830 968 1857 anno
999 1815 1163 1856 fertilis‘
1194 1813 1416 1854 indicatur.
1466 1808 1600 1852 Codd.

131 1907 156 1934 a
180 1893 207 1934 d
235 1893 394 1934 habent
424 1897 654 1944 quantulum
685 1907 814 1944 quae;
848 1893 1004 1935 scribe:

187 1975 471 2023 aliquantulum
502 1985 610 2011 anno
642 1985 822 2023 quaeque
847 1976 1001 2024 prI'mo,
1026 1975 1118 2023 plus
1146 1970 1221 2011 rel.

748 2085 996 2141 49:95.

195 2181 556 2247 Transpadanis
606 2182 783 2231 cineris
837 2197 955 2231 usus
990 2183 1115 2232 adeo
1172 2181 1334 2247 placet
1370 2184 1420 2228 ut
1467 2183 1604 2228 ante-

198 2276 382 2334 ponant
418 2270 528 2319 fimo
566 2269 913 2329 iumentorum,
969 2269 1100 2334 quod
1139 2269 1251 2334 quia
1300 2267 1602 2318 levissimum

199 2362 296 2415 est,
334 2358 397 2407 ob
431 2358 480 2406 id
519 2363 750 2419 exurunt3
788 2358 871 2407 rel.

245 2444 333 2486 Ian.
373 2452 549 2486 exarant
586 2446 754 2501 scripsit
794 2445 939 2501 (codd.
972 2444 1039 2486 ad
1078 2445 1274 2500 emm-ant)
1308 2444 1398 2486 coll.
1439 2444 1475 2498 ἓ.
1508 2444 1602 2487 127.

135 2523 192 2564 At
222 2523 279 2563 ibi
323 2523 487 2564 radices
532 2528 782 2575 exarantur,
827 2527 972 2564 nostro
1010 2523 1102 2564 loco
1134 2523 1276 2564 nescio
1308 2522 1407 2577 quid
1438 2522 1604 2563 exarari

1632 2114 1714 2159 310

135 2602 290 2656 possit,
330 2601 427 2642 fimo
467 2606 608 2642 autem
647 2606 796 2642 exusto
831 2603 1014 2642 cinerem
1047 2601 1227 2656 relinqui
1269 2600 1368 2642 scio.
1429 2600 1532 2642 Cod.
1565 2614 1603 2652 a,

136 2692 260 2734 quem
290 2693 391 2734 prae
422 2680 592 2734 reliquis
622 2680 664 2720 in
691 2680 769 2720 hoc
800 2679 969 2735 quidem
1000 2679 1104 2720 libro
1136 2679 1255 2733 sequi
1284 2692 1361 2733 par
1391 2683 1468 2731 est,
1499 2690 1604 2720 voce

137 2761 229 2807 quia
259 2758 415 2798 omissa
457 2762 791 2809 iumentorumque
821 2758 984 2810 scribit,
1023 2771 1104 2812 quo
1135 2757 1247 2797 facto
1278 2757 1512 2798 rectissime
1543 2757 1603 2797 iu-

137 2839 373 2876 mentorum
402 2836 545 2877 fimum
575 2841 723 2892 utpote
753 2836 1013 2876 lew'ssimum
1045 2849 1070 2876 a
1099 2835 1270 2890 reliquis
1301 2834 1465 2875 duobus
1497 2839 1602 2876 ster·

1345 2912 1370 2954 3
