1914 3237
794 173 912 211 Liber
942 171 1083 210 XXII.
1586 158 1665 202 123

268 304 620 370 HippocrateS,
671 316 795 364 quae
833 315 963 348 nunc
1010 313 1179 347 ornnes
1215 296 1261 344 in
1305 293 1477 343 alicam
1513 296 1666 338 trans-

274 397 416 449 eunt,
454 394 634 455 quanto
671 386 978 436 innocentior
1012 385 1150 433 alica.

314 479 382 519 Ad
410 477 593 518 hiulcam
624 487 900 529 mancamquc
925 472 1159 513 orationem
1190 468 1442 524 explendam
1475 480 1557 507 non
1585 464 1668 505 suf-

203 537 289 599 ficit
318 555 430 612 quod
458 554 586 595 lanus
604 557 700 608 post
723 555 958 592 extremum
977 549 1228 591 vocabulum
1249 547 1390 603 posuit
1406 541 1671 587 exelamandi

204 635 384 689 signum.
443 631 741 686 Comparativo
772 629 883 670 enim
915 627 1273 682 comparationem
1297 625 1429 665 alicae
1461 628 1503 663 et
1524 620 1673 662 hordei

203 712 358 753 factam
408 724 502 751 esse
551 708 847 764 comprobatur
892 719 996 747 voce
1037 712 1201 757 contra,
1248 716 1356 758 quae
1401 702 1443 742 in
1497 698 1588 740 cod.
1634 697 1674 738 R

205 790 370 845 legitur.
444 789 593 843 Itaque
653 792 725 827 aut
781 786 952 832 lacuna.
989 783 1196 824 indicetur
1254 784 1327 821 aut
1381 779 1498 820 locus
1549 789 1673 831 quae-

206 873 322 909 ratur
352 870 545 922 oportet,
584 879 665 920 quo
697 863 793 906 talis
834 876 944 916 quae
975 860 1186 902 sententia
1215 859 1428 913 flagitatur
1457 855 1674 908 utriusque

207 946 374 999 generis
407 943 665 998 comparatio
698 942 889 983 instituta
919 953 1013 981 esse
1043 938 1248 980 videatur.
1287 935 1369 983 Qui
1397 947 1442 975 re
1472 947 1574 975 vera
1603 945 1675 972 ex-

207 1027 291 1064 stat
320 1022 387 1065 ibi.
419 1021 492 1061 ubi
522 1020 695 1061 verbum
728 1023 846 1059 veluit
876 1019 918 1059 in
948 1017 1064 1058 libris
1095 1016 1135 1056 R
1160 1015 1196 1055 V
1223 1014 1248 1056 d
1279 1014 1457 1069 legitur,
1507 1010 1558 1051 ab
1590 1008 1676 1050 edi-

209 1100 369 1141 toribus
401 1098 496 1139 ideo
529 1097 714 1138 deletum
747 1102 823 1149 est,
854 1095 966 1151 quod
998 1094 1124 1149 paulo
1149 1097 1247 1134 ante
1279 1092 1479 1147 scriptum
1509 1100 1676 1143 repere-

206 1182 313 1220 rant.
372 1176 439 1216 Ita
487 1176 598 1216 enim
639 1175 777 1230 pergit
814 1174 997 1214 Plinius:
1049 1175 1315 1223 Hippocrates
1346 1194 1395 1199 -—-
1426 1171 1679 1209 sorbitionem

209 1257 442 1295 lamentian·
460 1261 581 1294 locam
599 1256 714 1293 vetuit
734 1255 888 1292 aliudve
906 1265 1022 1301 quam
1039 1264 1175 1291 sucum
1197 1253 1361 1299 tisanae,
1380 1254 1518 1288 contra
1531 1252 1680 1296 quanto

209 1336 477 1374 innocentiore
507 1335 637 1372 alica!
665 1333 763 1371 Item
787 1334 904 1370 veluit
933 1331 1123 1380 quamdiu
1148 1330 1273 1379 pedes
1297 1329 1441 1378 limidi
1457 1330 1584 1365 essent
1601 1326 1680 1363 etc.

756 1413 846 1458 160
878 1423 932 1442 Ξ
967 1411 1127 1465 2537.
1710 1420 1791 1464 492

278 1499 418 1548 Ratio
455 1498 601 1547 haec:
640 1497 766 1546 aceti
802 1495 1014 1545 sextario
1054 1509 1150 1544 uno
1192 1492 1309 1542 dilui
1330 1491 1488 1541 mellis
1514 1489 1683 1538 uncias

279 1587 397 1636 duas
432 1587 611 1635 iustum
648 1590 744 1645 est;
796 1585 861 1632 ita
908 1582 1191 1648 temperatis
1238 1580 1461 1630 sextariis
1515 1577 1683 1635 11111115,

281 1674 489 1724 decocta
535 1673 685 1722 farina
733 1671 835 1722 lolii
887 1670 1110 1721 sextariis
1148 1669 1342 1719 duobus
1402 1682 1558 1731 usque
1622 1664 1682 1713 ad

279 1762 652 1811 crassitudinem
689 1760 998 1824 calidumque
1025 1758 1209 1823 imponi
1233 1755 1513 1807 dolentibus
1534 1770 1684 1804 1116111-

279 1850 392 1899 bris.
762 1908 765 1909 ⁷

269 1937 494 1978 Rationem
515 1949 599 1977 non
617 1941 810 1977 constare
820 1935 1043 1977 Pintianus
1067 1932 1365 1975 animadvertit
1393 1944 1531 1987 neque
1543 1936 1684 1972 tamen

215 2014 475 2070 probabilem
507 2013 761 2055 emendandi
790 2014 901 2055 viam
930 2013 1148 2068 ingressus
1179 2016 1255 2052 est.
1305 2010 1392 2051 Sill.
1421 2014 1467 2050 ut
1497 2008 1604 2049 solet
1633 2007 1685 2048 de

215 2094 295 2134 loci
328 2093 465 2133 salute
495 2092 575 2132 nisi
593 2092 790 2132 meliores
821 2091 915 2132 libri
946 2091 1214 2132 inveniantur
1244 2087 1499 2142 desperavit,
1521 2086 1684 2128 cautius

217 2172 343 2212 Ianus
382 2171 558 2211 lacunae
599 2170 764 2223 signum
817 2169 1025 2224 apposuit.
1086 2167 1219 2208 Nobis
1268 2171 1365 2207 ante
1405 2165 1547 2206 omnia
1585 2163 1686 2218 quid

217 2249 419 2303 scriptum
464 2247 559 2288 libri
594 2247 714 2287 MSS.
758 2246 974 2299 habeant,
1032 2244 1260 2287 videndum
1307 2248 1385 2285 est.
1442 2243 1511 2283 Ad
1556 2256 1686 2282 unum

219 2339 365 2366 omnes
383 2325 547 2380 legunt:
583 2328 786 2365 dilumelm·
803 2317 922 2364 meliis
941 2327 1080 2364 unciae
1092 2326 1194 2363 duae
1206 2347 1251 2351 --
1268 2323 1623 2370 decoctaefurinae
1637 2345 1677 2349 -

218 2407 432 2454 sextarios,
451 2402 593 2442 omnia
612 2402 859 2453 rectissime,
886 2401 1077 2442 namhoc
1110 2401 1278 2456 perleve
1308 2400 1453 2440 vitium
1487 2404 1551 2439 est
1575 2397 1686 2453 quod

218 2486 315 2521 ante
340 2495 377 2521 v.
400 2493 521 2530 usque
542 2480 682 2520 littera
714 2480 783 2520 ui.
809 2493 843 2521 e.
861 2479 901 2519 Il
933 2478 1102 2519 excidit.
1134 2478 1238 2519 Tres
1270 2478 1398 2532 igitur
1428 2477 1600 2517 sextarii
1630 2477 1688 2516 ita

219 2563 506 2613 temperantur
525 2563 569 2598 ut
588 2558 659 2598 uni
680 2557 787 2598 aceti
806 2557 847 2597 111
867 2570 948 2611 quo
970 2556 1078 2598 duae
1090 2556 1240 2597 unciae
1257 2556 1391 2596 mellis
1414 2555 1570 2596 dilutae
1590 2561 1688 2595 sunt

220 2637 302 2678 duo
334 2637 422 2678 lolii
453 2634 683 2676 addantur:
717 2635 905 2690 sequitur
938 2635 1054 2675 nulla
1083 2634 1318 2674 mutatione
1350 2647 1454 2688 opus
1486 2646 1581 2673 esse
1613 2632 1688 2673 sed

219 2714 563 2769 transpositione,
593 2727 676 2769 qua
707 2726 907 2753 numerus
938 2712 1148 2753 ternarius
1180 2711 1285 2752 duos
1304 2712 1398 2752 illos
1422 2711 1584 2752 farinae
1601 2710 1687 2751 lolii

220 2792 427 2833 sextarios
458 2805 542 2832 non
573 2790 799 2832 antecedat
829 2790 904 2831 sed
935 2795 1147 2846 sequatur.
1207 2789 1314 2833 Sunt
1343 2789 1687 2835 autemXXVIII
