1914 3237
291 146 370 187 188
894 147 1024 188 Liber
1053 148 1153 189 XV.

183 284 264 324 246
856 272 916 319 71
939 295 988 314 =
1006 273 1084 333 18,
1099 274 1176 320 19.

358 387 417 393 —
440 359 697 408 comitatur
721 377 824 408 eam
852 361 1472 427 (porphyre'lidemficum)
1497 378 1524 409 e
1545 361 1752 409 minimis

357 449 599 498 vilissimis
636 452 884 516 popularis
922 453 1065 501 dicta.

398 538 611 592 Copulam
640 547 681 580 et
712 554 735 581 e
767 542 893 584 codd.
916 542 978 582 ad
1010 542 1376 598 oinisitSilligius‚
1407 557 1537 597 quum
1561 543 1615 583 ad
1640 551 1752 584 stru-

284 625 451 658 cturam
483 618 538 659 sit
569 619 841 661 necessaria.
906 618 1090 660 Videtur
1117 620 1158 660 in
1189 620 1435 675 archetypo
1464 620 1603 662 fuisse
1634 621 1751 662 vilis-

282 696 454 756 simisq3
482 695 716 751 popularz‘S,
747 704 789 736 ct
818 695 1077 749 legendum:

820 773 1211 834 vilissimisque.

177 861 257 902 ‘247
848 862 905 909 8]
931 886 979 904 =
1004 863 1083 923 19,
1105 863 1185 910 2]-

351 979 406 985 -
445 952 668 1014 quoniam
698 959 870 1015 sponte
901 960 1130 1000 arescunt
1161 953 1253 1000 loci
1289 953 1384 1001 situ
1410 953 1640 1018 rimisque
1673 971 1748 1001 ea-

349 1043 457 1089 dem
497 1059 620 1106 quae
659 1042 865 1090 culicum
905 1060 1127 1107 operae
1166 1060 1346 1092 causa
1384 1044 1592 1108 perficit.

391 1132 454 1172 lta
491 1131 682 1187 Silligius
733 1148 812 1186 pro
860 1134 1039 1188 vulgato
1082 1149 1210 1189 opera
1253 1147 1386 1175 sensu
1434 1148 1560 1189 quem
1605 1149 1747 1189 neque

280 1210 376 1263 ipse
408 1209 651 1252 declaravit
689 1225 832 1266 neque
872 1226 938 1252 mc
972 1211 1214 1265 intelligere
1254 1210 1409 1252 fateor.
1470 1212 1748 1266 Recipienda

280 1291 425 1344 potins
457 1298 552 1331 erat
582 1290 710 1332 lectio
742 1292 940 1332 codicum
972 1292 1065 1332 adr
1101 1306 1235 1346 opere.
1307 1291 1498 1332 Causam
1531 1291 1641 1330 enim
1673 1304 1747 1345 ge-

278 1368 452 1410 nitalem
484 1370 579 1410 sive
610 1370 694 1409 vim
726 1376 909 1409 naturae
941 1369 1288 1422 procreatricem
1321 1375 1363 1408 et
1394 1382 1531 1422 supra
1563 1368 1680 1423 §.79.
1705 1376 1748 1408 et

279 1448 417 1491 1X.‘2.
449 1462 502 1489 eo
543 1448 638 1489 sere
678 1449 806 1489 modo
847 1458 1054 1503 usurpat,
1098 1462 1184 1503 quo
1227 1446 1475 1502 philosophi
1513 1447 1652 1488 nostri
1692 1448 1745 1487 (le

277 1526 505 1581 principiis
525 1526 772 1579 loquuntur.
814 1528 938 1572 Quae
959 1539 1095 1566 causa
1126 1533 1277 1566 nostro
1309 1525 1408 1567 loco
1439 1526 1558 1566 rimis
1589 1526 1744 1567 eadem

276 1605 317 1646 in
349 1605 434 1645 ficu
467 1604 637 1659 perficit
667 1618 779 1658 qnae
813 1603 998 1643 culicum
1031 1618 1170 1657 opere
1202 1604 1419 1657 perficere
1449 1604 1577 1645 solet.

171 1708 252 1750 943
837 1693 900 1741 82
922 1719 969 1738 =
991 1692 1186 1740 ibidem.

344 1817 400 1823 —
438 1787 589 1835 siccat
625 1787 794 1845 honoS‚
828 1786 1044 1832 laudatas
1081 1792 1245 1834 servat
1278 1785 1326 1832 in
1358 1784 1540 1848 capsis,
1573 1784 1743 1833 Ebuso

342 1879 529 1927 insulae
572 1876 1010 1942 praestantissimas
1042 1882 1123 1923 rel.

385 1967 721 2021 Distinguuntur
754 1979 834 2006 eac
873 1964 980 2005 ficus
1019 1978 1132 2019 quae
1173 1972 1355 2019 propter
1396 1966 1630 2006 bonitatem
1663 1965 1741 2006 eli-

273 2055 432 2102 guntur
468 2055 510 2087 et
543 2046 581 2086 in
615 2046 765 2098 capsis
799 2052 1052 2093 servantur,
1094 2044 1148 2084 ab
1188 2044 1239 2085 iis
1270 2057 1382 2098 qnae
1415 2045 1545 2097 copia
1576 2052 1740 2087 tantum

271 2128 467 2181 insignes
498 2139 630 2167 orcas
662 2125 887 2178 cadosque
919 2123 1109 2177 implent.
1175 2122 1242 2164 Dc
1268 2124 1416 2177 priore
1447 2136 1612 2177 genere
1644 2123 1687 2167 h.
1709 2123 1735 2163 Ι.

270 2221 416 2248 sermo
446 2213 535 2258 cst,
571 2205 685 2261 quod
723 2205 867 2245 honos
903 2205 1078 2246 siccare
1116 2204 1285 2245 (licitur.
1346 2204 1585 2245 Vilioribus
1624 2205 1736 2245 enim

269 2286 413 2327 honos
445 2292 566 2325 certe
596 2284 723 2324 tribui
756 2283 913 2337 nequit.
973 2282 1176 2336 Apparet
1207 2282 1335 2336 igitur
1355 2281 1474 2323 Plinii
1504 2284 1642 2324 verba
1672 2284 1737 2325 sic

270 2362 619 2418 intel-pungenda
650 2375 771 2401 esse:

587 2439 718 2478 siccat
747 2436 880 2478 honos
907 2436 1127 2488 laudatas,
1157 2443 1302 2478 servat
1338 2437 1414 2481 rel.

162 2540 244 2581 249
380 2528 585 2571 Similiter

839 2582 904 2631 84
921 2604 972 2627 =
991 2582 1072 2644 20,
1089 2582 1168 2629 22.

334 2675 557 2740 Mespilis
596 2675 689 2723 tria
725 2691 931 2739 genera,
977 2674 1244 2734 anffledon,
1284 2672 1491 2733 setania,
1537 2674 1730 2721 tertium

335 2766 626 2830 degenerat3
664 2763 924 2813 anthedoni
962 2770 1120 2812 tamen
1157 2761 1376 2823 similius,
1413 2763 1540 2826 quod
1580 2763 1731 2813 Galli-

334 2873 442 2904 cum
479 2862 666 2903 vocant.
