1914 3237
775 169 907 211 Liber
939 171 1021 215 VI.
1555 171 1637 212 115

274 292 381 334 Eam
412 293 624 334 rationem
664 294 705 333 in
741 294 1052 335 enumerandis
1089 294 1284 336 Arabiae
1325 293 1500 349 populis
1533 294 1579 337 h.
1605 293 1635 338 l.

161 372 360 426 sequitur
381 371 560 423 Plinius,
587 378 634 410 ut
659 378 815 424 gentes
844 371 1004 423 primo,
1038 372 1202 424 oppida
1228 380 1358 412 sexto
1389 386 1494 413 casu
1530 372 1636 414 indi-

160 458 239 491 cet.
301 449 511 490 Scribere
541 448 671 502 igitur
700 454 875 500 oportet
905 447 1164 487 Bac-asemm·
1179 448 1442 503 Riphearina
1471 451 1634 506 oppido,

157 536 203 569 ut
232 528 375 583 gentis
406 534 541 580 eaput
571 526 707 566 fuisse
728 526 1011 580 significetur.
1031 551 1080 557 -
1110 528 1154 568 ln
1181 526 1265 568 fine
1296 530 1504 569 enuntiati
1532 545 1633 584 pru-

157 608 312 647 denter
341 607 515 661 quidem
549 605 742 661 Silligius
771 606 1034 660 scripturam
1065 606 1294 662 vulgarem
1324 607 1632 661 interpolatam

156 699 258 726 esse
289 684 622 737 animadvertit,
653 682 754 723 illud
788 691 932 724 tamen
969 683 1245 725 manifestum
1277 692 1360 735 est,
1391 699 1521 725 unum
1553 702 1631 740 po-

156 763 303 817 pulum
344 762 603 804 eiiciendum
645 776 773 813 6556,
819 771 862 804 et
904 777 1033 817 quum
1074 763 1114 803 R
1152 771 1195 804 et
1236 764 1263 803 d
1299 764 1341 804 in
1377 765 1629 806 universum

156 843 435 883 consentiant
471 842 613 895 (alter
630 842 742 883 enim
769 842 902 883 habet
933 842 1178 882 elmataceis
1203 842 1352 897 oppido
1375 842 1508 883 ehode
1524 846 1629 884 Avi-

156 921 242 959 tari
269 921 314 959 in
344 920 579 971 montibus,
626 920 736 962 alter
773 921 984 961 Elmateis
1021 921 1171 976 oppido
1210 921 1313 961 code
1342 922 1555 963 Aiathuri
1582 925 1628 963 in

153 998 411 1051 montibus),
450 999 508 1039 ita
538 998 734 1039 fortasse
763 998 925 1040 Plinius
957 999 1158 1053 scripsit:
1204 999 1449 1041 Elmatacei
1477 1001 1627 1057 oppido

153 1075 313 1126 Claude,
345 1075 555 1115 Aiathuri
589 1076 636 1116 in
665 1075 880 1116 „conatibus
920 1076 1130 1130 (Chodae
1159 1076 1350 1117 Lathuri
1388 1078 1546 1133 legitur
1582 1081 1625 1121 in

150 1156 220 1209 Θ).
275 1154 567 1195 Helmodenes
601 1155 714 1196 enim
757 1169 782 1197 e
820 1155 1118 1210 dittographia
1146 1156 1274 1197 vocis
1306 1155 1519 1198 Elmateis
1549 1173 1623 1200 or-

150 1241 220 1275 tos
253 1247 353 1274 esse
383 1242 584 1288 apparet.

260 1324 297 1380 ξ.
323 1323 413 1365 169.
450 1323 619 1364 insulae
652 1323 814 1365 Stenae
848 1324 972 1365 dirae
1010 1324 1181 1366 divisim
1221 1325 1503 1367 scribendum
1541 1334 1622 1368 est.

148 1402 286 1444 Stena
316 1403 429 1443 enim
462 1417 559 1443 cum
588 1402 887 1456 promontorio
906 1403 1014 1444 Dira
1047 1403 1281 1444 coniuncta
1311 1404 1623 1447 describuntur

147 1496 173 1523 a
207 1482 426 1523 Strabone
449 1481 564 1523 XVI.
587 1497 626 1536 p.
644 1481 739 1532 769,
775 1481 937 1524 Plinius
969 1490 1114 1524 autem
1144 1482 1434 1538 promontorii
1459 1496 1621 1525 nomen

146 1562 302 1603 eodem
334 1562 464 1602 modo
495 1562 548 1601 ad
580 1562 746 1602 insulas
766 1562 934 1603 vicinas
954 1562 1193 1613 transtulit,
1225 1577 1309 1617 quo
1327 1576 1461 1616 supra
1477 1562 1620 1618 §.153

146 1641 364 1694 Syagrnm
403 1641 749 1692 promontorium
787 1647 830 1680 et
872 1639 1030 1695 §.1521
1064 1640 1266 1694 Syagros
1307 1639 1450 1681 insula
1488 1641 1619 1695 (nam

144 1727 265 1760 recte
299 1719 522 1758 Pintianus
553 1717 610 1756 ita
644 1731 724 1771 pro
756 1715 945 1773 Syyaros
980 1717 1112 1771 legit)
1154 1718 1442 1759 nominantur.
1511 1719 1618 1760 Mox

145 1797 212 1852 epi
238 1796 368 1836 Dii-es
399 1803 441 1835 et
468 1795 535 1849 epi
569 1793 733 1833 Ther-as
768 1807 910 1849 aeque
942 1795 1191 1836 dividantur
1231 1803 1418 1850 oportet.
1485 1796 1618 1838 Cete-

144 1889 238 1915 rum
271 1875 369 1914 dum
394 1871 748 1923 Eratosthenem,
772 1871 1164 1925 Agatharchidem,
1197 1874 1251 1914 de
1282 1888 1367 1928 quo
1399 1873 1617 1916 Hem-icus

142 1954 316 1994 Frieten
349 1952 478 1991 docto
507 1948 652 1990 libello
686 1949 865 1990 Bonnae
902 1949 1018 1991 1848.
1051 1952 1163 2005 egit‚
1198 1952 1362 2005 Iubam,
1397 1952 1614 2006 l’eriplum

142 2032 274 2072 maris
290 2029 540 2084 Erythraei,
570 2026 681 2069 alios
713 2027 928 2082 sequitur,
961 2042 1175 2082 perverso
1208 2031 1361 2071 ordine
1381 2030 1615 2087 Trogody-

142 2111 251 2152 tiees
287 2117 330 2151 et
358 2110 557 2150 Azaniae
585 2121 708 2149 oram
743 2108 980 2162 descripsit
1012 2108 1184 2152 Plinius.

690 2242 751 2288 17
809 2265 852 2282 =
876 2242 956 2301 29,
980 2241 1059 2288 34.

206 2345 350 2393 Haec
382 2351 457 2391 est
502 2342 638 2406 regio
677 2342 894 2390 secundo
928 2342 1171 2390 volumine
1206 2358 1232 2389 a
1262 2342 1399 2390 nobis
1432 2342 1613 2407 signifi-

209 2441 340 2493 cata,
384 2433 429 2480 in
464 2450 556 2497 qua
587 2433 830 2481 XXXXV
855 2432 1033 2481 'diebus
1064 2442 1174 2481 ante
1208 2432 1467 2480 solstitium
1504 2433 1613 2481 toti-

206 2526 415 2588 demque
464 2532 634 2587 postea
674 2525 794 2571 hora
833 2533 973 2572 sexta
1016 2532 1367 2573 consumuntur
1413 2525 1611 2570 umbrae

205 2621 254 2661 et
282 2613 331 2660 in
369 2613 620 2660 meridiem
662 2613 862 2677 reliquis
894 2613 1028 2661 horis
1061 2614 1255 2672 cadunt,
1297 2612 1476 2660 ceteris
1510 2613 1611 2662 die-

203 2707 294 2753 bus
329 2705 377 2753 in
409 2704 809 2769 septentrionem,
844 2722 953 2753 cum
982 2705 1031 2753 in
1062 2704 1306 2752 Berenice
1341 2720 1482 2767 quam
1513 2705 1611 2768 pri-

205 2811 330 2844 mam
359 2796 611 2861 posuimus
639 2796 748 2861 ipso
774 2795 853 2845 die
872 2796 1069 2845 solstitii
1090 2802 1231 2844 sexta
1260 2795 1381 2843 hora
1410 2797 1610 2843 umbrae

1269 2884 1329 2925 S*

1641 2271 1713 2312 141
