1914 3237
178 2266 257 2310 255

291 157 317 199 4
889 156 1008 195 Liber
1038 156 1073 195 A
1090 156 1153 196 VI.

291 288 450 329 meritis
503 286 696 327 laudibus
742 286 892 339 extuli,
953 289 995 327 et
1024 284 1357 341 Mayhoffius
1410 283 1572 325 iuvenis
1610 281 1749 324 erudi-

290 366 498 417 tissimus,
550 364 849 419 elegantissimi
899 370 1043 405 auctor
1082 363 1211 405 libelli
1250 374 1373 418 quem
1413 361 1749 402 lucubrationum

289 443 573 484 Plinianarum
613 442 752 496 capita
788 442 867 482 tria
912 442 1133 496 inscripsit.
1173 440 1408 495 Utrumque
1439 438 1622 480 libellum
1655 450 1749 479 sero

290 521 431 562 adme
451 520 622 561 allatum
656 533 749 560 essc
781 519 925 573 dolco;
956 533 1092 574 neque
1124 524 1264 560 tamen
1297 517 1397 558 nihil
1427 516 1524 558 inde
1555 517 1597 557 in
1627 529 1749 556 usum

289 613 430 640 mcum
472 602 716 639 convertere
753 597 882 637 licuit.
941 596 1103 643 Quibus
1134 596 1266 651 copiis
1298 600 1345 636 ut
1375 608 1528 649 operae
1559 593 1750 635 chartae-

290 690 370 733 que
403 689 619 732 parcerem
651 676 710 715 ita
738 675 799 715 uti
829 675 990 715 institui
1020 680 1066 714 ut
1098 674 1238 714 onmia
1268 686 1375 727 quae
1407 672 1458 713 ab
1479 673 1581 713 Iano
1609 684 1750 712 emen-

290 755 389 796 data
418 754 662 796 viderentur
690 752 1093 807 praetermitterem,
1141 751 1193 791 de
1222 751 1272 790 iis
1303 763 1468 805 quoque
1507 749 1628 801 locis,
1681 748 1752 803 qui

290 847 315 873 a
345 832 505 886 Silligio
535 832 602 872 vel
633 831 686 871 ab
718 830 809 870 aliis
840 830 989 870 melius
1023 828 1240 870 constituti
1273 831 1436 879 essent,
1468 826 1643 867 liberum
1670 825 1751 865 lec-

288 910 392 951 turis
425 909 624 950 iudicium
655 908 961 962 relinquerem,
993 906 1044 947 de
1075 907 1124 947 iis
1158 906 1257 947 solis
1276 918 1446 959 agerem
1465 904 1534 958 qui
1555 907 1627 944 aut
1646 916 1751 943 non-

289 988 388 1028 dum
420 987 594 1028 correcti
625 990 697 1026 aut
726 999 750 1026 a
780 999 846 1026 me
876 985 968 1040 ipso
998 984 1041 1025 in
1072 982 1402 1025 chrestomathia
1431 995 1516 1022 non
1542 981 1643 1022 satis
1679 993 1751 1021 ex-

286 1065 420 1121 pediti
454 1078 547 1106 esse
577 1063 831 1105 viderentur.

874 1351 1033 1400 LlBER
1067 1351 1170 1400 XVI.

397 1469 465 1510 Ad
496 1469 607 1510 hunc
635 1468 787 1508 librum
827 1481 851 1508 a
881 1466 1043 1521 Silligio
1085 1466 1162 1507 toti
1199 1464 1339 1505 collati
1370 1468 1468 1504 sunt
1499 1461 1632 1505 Codd.
1664 1476 1689 1503 a
1711 1462 1751 1515 d,

287 1548 438 1603 partim
469 1547 503 1588 Τ
531 1552 573 1587 et
602 1548 654 1587 D.
684 1546 799 1586 Inter
830 1558 934 1600 quos
964 1557 1066 1599 prae
1096 1543 1267 1598 reliquis
1299 1542 1455 1582 eminet
1483 1540 1544 1582 D2
1574 1541 1640 1581 cui
1671 1540 1749 1581 soli

288 1624 608 1681 posthabendus
629 1628 692 1665 est
723 1637 759 1664 a.
821 1622 971 1664 Codex
1001 1624 1254 1676 archetypus
1284 1619 1473 1675 pluribus
1502 1619 1667 1673 mendis
1689 1619 1748 1660 la-

288 1705 461 1745 borasse
490 1701 702 1758 putandus
734 1705 819 1741 est:
861 1700 1085 1741 nonnullas
1116 1698 1327 1753 longiores
1358 1697 1660 1752 brevioresque
1690 1697 1750 1738 la-

288 1795 418 1822 cunas
450 1779 836 1836 deprehendemus,
895 1778 1025 1819 verba
1063 1778 1129 1819 vel
1169 1777 1295 1817 etiam
1325 1779 1436 1816 totos
1477 1788 1636 1828 versus,
1679 1775 1750 1830 qui

288 1844 457 1900 XXVH
495 1859 730 1899 litterarum
762 1857 850 1898 fere
882 1869 1102 1896 numerum
1135 1854 1376 1910 explebant,
1408 1867 1483 1893 suo
1516 1852 1651 1893 ordini
1681 1866 1746 1893 re-

289 1937 534 1989 stituemus,
579 1936 741 1976 litteras
773 1939 844 1974 aut
874 1933 984 1974 male
1017 1932 1172 1973 divisas
1202 1937 1276 1973 aut
1305 1936 1522 1986 corruptas
1553 1929 1752 1977 emenda,-

289 2015 449 2067 bimus,
480 2013 861 2068 interpunctionem
892 2010 1103 2052 interdum
1134 2010 1406 2065 corrigemus,
1438 2009 1505 2050 hic
1534 2009 1618 2049 illic
1643 2008 1752 2063 glos-

289 2097 452 2134 semata
482 2104 787 2147 expungemus,
819 2090 855 2144 ἕ.
875 2090 1022 2132 1-16.
1061 2089 1103 2129 in
1134 2087 1463 2129 chrestomathia
1492 2101 1531 2141 p.
1553 2086 1635 2129 ‘200
1664 2099 1751 2140 sqq.

289 2170 574 2211 tractavimus.

899 2255 957 2303 16
977 2275 1036 2295 =
1053 2256 1145 2311 5,6.

397 2349 735 2404 Theophrastum
758 2347 832 2389 III.
863 2348 901 2391 8.
932 2350 971 2391 1.
1005 2351 1174 2389 secutus
1196 2345 1525 2401 glandiferarum
1558 2345 1754 2386 arborum

290 2428 571 2469 differentiam
594 2427 654 2468 ita
684 2427 890 2494 exponitz,

356 2514 535 2563 distant
572 2512 743 2570 fructu,
780 2512 887 2570 situ,
927 2527 1064 2569 sexu,
1103 2525 1303 2575 sapore3
1342 2522 1550 2572 namque
1570 2507 1662 2556 alia
1683 2506 1753 2555 fa-

354 2617 479 2665 geae
515 2600 685 2665 glandi
721 2601 896 2664 ligura,
933 2614 1147 2663 quernae
1185 2603 1232 2647 et
1268 2597 1362 2646 alia
1395 2596 1588 2660 ilignae.

401 2700 469 2740 Sic
490 2700 610 2740 codd.
644 2714 670 2740 a
689 2699 742 2752 d;
775 2703 872 2740 ante
903 2712 1076 2750 quernae
1099 2713 1135 2740 v.
1158 2701 1237 2738 alia
1263 2697 1314 2737 ab
1346 2694 1576 2736 editoribus
1605 2694 1753 2734 inseri-

290 2783 368 2832 tur,
399 2778 451 2819 ab
482 2778 586 2818 Iano
618 2777 767 2817 melius
798 2778 969 2832 legitur:
1001 2788 1175 2828 quernae
1204 2778 1285 2815 alia
1315 2781 1352 2814 et
1373 2777 1532 2824 iliynae.
