<?xml version="1.0" encoding="UTF-8"?>
<!DOCTYPE html PUBLIC "-//W3C//DTD XHTML 1.0 Transitional//EN"
    "http://www.w3.org/TR/xhtml1/DTD/xhtml1-transitional.dtd">
<html xmlns="http://www.w3.org/1999/xhtml" xml:lang="en" lang="en">
 <head>
  <title>
</title>
<meta http-equiv="Content-Type" content="text/html;charset=utf-8" />
  <meta name='ocr-system' content='tesseract 3.04.00' />
  <meta name='ocr-capabilities' content='ocr_page ocr_carea ocr_par ocr_line ocrx_word'/>
</head>
<body>
  <div class='ocr_page' id='page_1' title='image "./vindiciaeplinian00urliuoft_0181.png"; bbox 0 0 1914 3237; ppageno 0'>
   <div class='ocr_carea' id='block_1_1' title="bbox 631 131 1601 175">
    <p class='ocr_par' dir='ltr' id='par_1_1' title="bbox 631 131 1601 175">
     <span class='ocr_line' id='line_1_1' title="bbox 631 131 1601 175; baseline -0.001 -3"><span class='ocrx_word' id='word_1_1' title='bbox 631 132 756 173; x_wconf 81' lang='lat' dir='ltr'>Liber</span> <span class='ocrx_word' id='word_1_2' title='bbox 788 133 932 175; x_wconf 79' lang='lat' dir='ltr'><em>XIII.</em></span> <span class='ocrx_word' id='word_1_3' title='bbox 966 132 1096 173; x_wconf 73' lang='lat' dir='ltr'>XIV.</span> <span class='ocrx_word' id='word_1_4' title='bbox 1522 131 1601 172; x_wconf 82' lang='lat'>177</span> 
     </span>
    </p>
   </div>
   <div class='ocr_carea' id='block_1_2' title="bbox 180 252 1602 699">
    <p class='ocr_par' dir='ltr' id='par_1_2' title="bbox 180 252 1602 699">
     <span class='ocr_line' id='line_1_2' title="bbox 184 252 1601 311; baseline 0 -17"><span class='ocrx_word' id='word_1_5' title='bbox 184 252 468 294; x_wconf 77' lang='lat' dir='ltr'><em>Mirabantur</em></span> <span class='ocrx_word' id='word_1_6' title='bbox 503 254 670 296; x_wconf 78' lang='lat' dir='ltr'>alii....</span> <span class='ocrx_word' id='word_1_7' title='bbox 728 256 786 294; x_wconf 81' lang='lat' dir='ltr'>In</span> <span class='ocrx_word' id='word_1_8' title='bbox 824 254 890 294; x_wconf 66' lang='lat' dir='ltr'>liis</span> <span class='ocrx_word' id='word_1_9' title='bbox 929 254 1047 295; x_wconf 81' lang='lat' dir='ltr'>libris</span> <span class='ocrx_word' id='word_1_10' title='bbox 1076 256 1234 311; x_wconf 79' lang='lat' dir='ltr'>scripta</span> <span class='ocrx_word' id='word_1_11' title='bbox 1271 261 1397 295; x_wconf 80' lang='lat' dir='ltr'>eraut</span> <span class='ocrx_word' id='word_1_12' title='bbox 1423 253 1601 310; x_wconf 81' lang='lat' dir='ltr'>philoso-</span> 
     </span>
     <span class='ocr_line' id='line_1_3' title="bbox 180 329 1600 389; baseline 0.002 -19"><span class='ocrx_word' id='word_1_13' title='bbox 180 330 308 386; x_wconf 80' lang='lat' dir='ltr'>phiae</span> <span class='ocrx_word' id='word_1_14' title='bbox 345 332 669 389; x_wconf 69' lang='lat' dir='ltr'>Pytlmqoriene.</span> <span class='ocrx_word' id='word_1_15' title='bbox 752 331 850 371; x_wconf 84' lang='lat' dir='ltr'>Iloc</span> <span class='ocrx_word' id='word_1_16' title='bbox 888 330 1000 370; x_wconf 82' lang='lat' dir='ltr'>idem</span> <span class='ocrx_word' id='word_1_17' title='bbox 1039 332 1175 371; x_wconf 81' lang='lat' dir='ltr'>tradit</span> <span class='ocrx_word' id='word_1_18' title='bbox 1213 332 1405 374; x_wconf 81' lang='lat' dir='ltr'>Pae&#39;so....</span> <span class='ocrx_word' id='word_1_19' title='bbox 1450 329 1600 387; x_wconf 73' lang='lat' dir='ltr'>fuisse,</span> 
     </span>
     <span class='ocr_line' id='line_1_4' title="bbox 184 408 1601 470; baseline 0.001 -20"><span class='ocrx_word' id='word_1_20' title='bbox 184 425 337 468; x_wconf 80' lang='lat' dir='ltr'>eosque</span> <span class='ocrx_word' id='word_1_21' title='bbox 364 410 598 451; x_wconf 79' lang='lat' dir='ltr'>combustos</span> <span class='ocrx_word' id='word_1_22' title='bbox 625 425 650 449; x_wconf 79' lang='grc' dir='ltr'>ιι</span> <span class='ocrx_word' id='word_1_23' title='bbox 682 408 737 465; x_wconf 77' lang='lat' dir='ltr'>Q.</span> <span class='ocrx_word' id='word_1_24' title='bbox 759 409 912 449; x_wconf 78' lang='lat' dir='ltr'>Petilio</span> <span class='ocrx_word' id='word_1_25' title='bbox 936 416 1150 464; x_wconf 77' lang='lat' dir='ltr'>praetore,</span> <span class='ocrx_word' id='word_1_26' title='bbox 1180 411 1284 470; x_wconf 78' lang='lat' dir='ltr'>quia</span> <span class='ocrx_word' id='word_1_27' title='bbox 1312 410 1601 466; x_wconf 81' lang='lat' dir='ltr'><em>philosophiae</em></span> 
     </span>
     <span class='ocr_line' id='line_1_5' title="bbox 180 487 1602 548; baseline 0.002 -20"><span class='ocrx_word' id='word_1_28' title='bbox 180 490 339 543; x_wconf 84' lang='lat' dir='ltr'>scripta</span> <span class='ocrx_word' id='word_1_29' title='bbox 357 494 516 536; x_wconf 80' lang='lat' dir='ltr'>essent3</span> <span class='ocrx_word' id='word_1_30' title='bbox 539 487 784 527; x_wconf 77' lang='lat' dir='ltr'><em>Tuditanus</em></span> <span class='ocrx_word' id='word_1_31' title='bbox 799 488 1125 548; x_wconf 82' lang='lat' dir='ltr'>quatuordeeim</span> <span class='ocrx_word' id='word_1_32' title='bbox 1139 489 1318 529; x_wconf 74' lang='lat' dir='ltr'>IVumae</span> <span class='ocrx_word' id='word_1_33' title='bbox 1332 489 1602 531; x_wconf 79' lang='lat' dir='ltr'>decretorum</span> 
     </span>
     <span class='ocr_line' id='line_1_6' title="bbox 180 564 1602 622; baseline 0.004 -17"><span class='ocrx_word' id='word_1_34' title='bbox 180 564 335 620; x_wconf 62' lang='lat' dir='ltr'>ficisse3</span> <span class='ocrx_word' id='word_1_35' title='bbox 367 565 494 606; x_wconf 82' lang='lat' dir='ltr'>libros</span> <span class='ocrx_word' id='word_1_36' title='bbox 524 566 748 607; x_wconf 76' lang='lat' dir='ltr'><strong><em>duodecim</em></strong></span> <span class='ocrx_word' id='word_1_37' title='bbox 768 564 903 622; x_wconf 75' lang='lat' dir='ltr'>fuisse</span> <span class='ocrx_word' id='word_1_38' title='bbox 923 566 1069 607; x_wconf 84' lang='lat' dir='ltr'>Varro</span> <span class='ocrx_word' id='word_1_39' title='bbox 1100 569 1222 620; x_wconf 86' lang='lat' dir='ltr'>(nam</span> <span class='ocrx_word' id='word_1_40' title='bbox 1241 567 1328 622; x_wconf 81' lang='lat' dir='ltr'>ipse</span> <span class='ocrx_word' id='word_1_41' title='bbox 1349 582 1371 608; x_wconf 91' lang='lat' dir='ltr'>e</span> <span class='ocrx_word' id='word_1_42' title='bbox 1393 568 1602 622; x_wconf 84' lang='lat' dir='ltr'>dittogra-</span> 
     </span>
     <span class='ocr_line' id='line_1_7' title="bbox 182 637 1602 699; baseline 0.001 -15"><span class='ocrx_word' id='word_1_43' title='bbox 182 643 283 698; x_wconf 85' lang='lat' dir='ltr'>phia</span> <span class='ocrx_word' id='word_1_44' title='bbox 313 637 456 685; x_wconf 78' lang='lat' dir='ltr'>ortum</span> <span class='ocrx_word' id='word_1_45' title='bbox 487 644 748 698; x_wconf 82' lang='lat' dir='ltr'>videtur)...</span> <span class='ocrx_word' id='word_1_46' title='bbox 782 644 970 699; x_wconf 82' lang='lat' dir='ltr'>septimo,</span> <span class='ocrx_word' id='word_1_47' title='bbox 1001 644 1161 684; x_wconf 76' lang='lat' dir='ltr'>Antias</span> <span class='ocrx_word' id='word_1_48' title='bbox 1184 643 1435 685; x_wconf 80' lang='lat' dir='ltr'>secundo...</span> <span class='ocrx_word' id='word_1_49' title='bbox 1465 646 1602 686; x_wconf 80' lang='lat' dir='ltr'>conti-</span> 
     </span>
    </p>
   </div>
   <div class='ocr_carea' id='block_1_3' title="bbox 180 721 1602 784">
    <p class='ocr_par' dir='ltr' id='par_1_3' title="bbox 180 721 1602 784">
     <span class='ocr_line' id='line_1_8' title="bbox 180 721 1602 784; baseline 0.001 -22"><span class='ocrx_word' id='word_1_50' title='bbox 180 729 349 771; x_wconf 83' lang='lat' dir='ltr'>nentes;</span> <span class='ocrx_word' id='word_1_51' title='bbox 380 723 492 764; x_wconf 81' lang='lat' dir='ltr'>idem</span> <span class='ocrx_word' id='word_1_52' title='bbox 510 724 634 763; x_wconf 80' lang='lat' dir='ltr'>terlio</span> <span class='ocrx_word' id='word_1_53' title='bbox 655 729 695 764; x_wconf 86' lang='lat' dir='ltr'>et</span> <span class='ocrx_word' id='word_1_54' title='bbox 705 722 749 765; x_wconf 87' lang='lat' dir='ltr'>S.</span> <span class='ocrx_word' id='word_1_55' title='bbox 766 721 816 766; x_wconf 84' lang='lat' dir='ltr'>C.</span> <span class='ocrx_word' id='word_1_56' title='bbox 832 723 968 779; x_wconf 80' lang='lat' dir='ltr'>ponit,</span> <span class='ocrx_word' id='word_1_57' title='bbox 990 738 1071 784; x_wconf 81' lang='lat' dir='ltr'>quo</span> <span class='ocrx_word' id='word_1_58' title='bbox 1087 721 1278 763; x_wconf 81' lang='lat' dir='ltr'>comburi</span> <span class='ocrx_word' id='word_1_59' title='bbox 1290 736 1358 763; x_wconf 84' lang='lat' dir='ltr'>eos</span> <span class='ocrx_word' id='word_1_60' title='bbox 1377 721 1602 777; x_wconf 78' lang='lat' dir='ltr'><em>placuerit.</em></span> 
     </span>
    </p>
   </div>
   <div class='ocr_carea' id='block_1_4' title="bbox 193 836 1709 1076">
    <p class='ocr_par' dir='ltr' id='par_1_4' title="bbox 193 836 1709 1076">
     <span class='ocr_line' id='line_1_9' title="bbox 682 836 1709 904; baseline 0 -21"><span class='ocrx_word' id='word_1_61' title='bbox 682 836 775 883; x_wconf 83' lang='lat'>101.</span> <span class='ocrx_word' id='word_1_62' title='bbox 800 860 845 877; x_wconf 74' lang='lat' dir='ltr'>z:</span> <span class='ocrx_word' id='word_1_63' title='bbox 870 837 949 897; x_wconf 85' lang='lat'>16,</span> <span class='ocrx_word' id='word_1_64' title='bbox 973 837 1049 884; x_wconf 86' lang='lat'>30.</span> <span class='ocrx_word' id='word_1_65' title='bbox 1625 862 1709 904; x_wconf 72' lang='lat'>225</span> 
     </span>
     <span class='ocr_line' id='line_1_10' title="bbox 195 924 1603 991; baseline 0.001 -18"><span class='ocrx_word' id='word_1_66' title='bbox 195 927 570 991; x_wconf 80' lang='lat' dir='ltr'>Theophrastus</span> <span class='ocrx_word' id='word_1_67' title='bbox 588 964 600 986; x_wconf 80' lang='grc'>,</span> <span class='ocrx_word' id='word_1_68' title='bbox 646 925 727 989; x_wconf 89' lang='lat' dir='ltr'>qui</span> <span class='ocrx_word' id='word_1_69' title='bbox 764 925 1018 990; x_wconf 81' lang='lat' dir='ltr'>proximus</span> <span class='ocrx_word' id='word_1_70' title='bbox 1066 942 1094 972; x_wconf 90' lang='lat' dir='ltr'>a</span> <span class='ocrx_word' id='word_1_71' title='bbox 1135 924 1293 990; x_wconf 78' lang='lat' dir='ltr'>magni</span> <span class='ocrx_word' id='word_1_72' title='bbox 1331 926 1603 975; x_wconf 81' lang='lat' dir='ltr'><strong>Alexandri</strong></span> 
     </span>
     <span class='ocr_line' id='line_1_11' title="bbox 193 1015 1601 1076; baseline 0 -11"><span class='ocrx_word' id='word_1_73' title='bbox 193 1024 352 1065; x_wconf 85' lang='lat' dir='ltr'>aetate</span> <span class='ocrx_word' id='word_1_74' title='bbox 373 1035 394 1064; x_wconf 92' lang='lat' dir='ltr'>s</span> <span class='ocrx_word' id='word_1_75' title='bbox 409 1016 596 1064; x_wconf 88' lang='lat' dir='ltr'>cribit</span> <span class='ocrx_word' id='word_1_76' title='bbox 622 1015 752 1063; x_wconf 87' lang='lat' dir='ltr'>circa</span> <span class='ocrx_word' id='word_1_77' title='bbox 771 1016 904 1064; x_wconf 91' lang='lat' dir='ltr'>urbis</span> <span class='ocrx_word' id='word_1_78' title='bbox 916 1017 1104 1065; x_wconf 88' lang='lat' dir='ltr'>Romae</span> <span class='ocrx_word' id='word_1_79' title='bbox 1124 1033 1300 1064; x_wconf 89' lang='lat' dir='ltr'>annum</span> <span class='ocrx_word' id='word_1_80' title='bbox 1313 1016 1601 1076; x_wconf 83' lang='lat' dir='ltr'>CCCCXL,</span> 
     </span>
    </p>
   </div>
   <div class='ocr_carea' id='block_1_5' title="bbox 127 1106 1604 1490">
    <p class='ocr_par' dir='ltr' id='par_1_5' title="bbox 127 1106 1604 1490">
     <span class='ocr_line' id='line_1_12' title="bbox 194 1106 1475 1172; baseline -0.002 -16"><span class='ocrx_word' id='word_1_81' title='bbox 194 1124 418 1172; x_wconf 79' lang='lat' dir='ltr'>magnum</span> <span class='ocrx_word' id='word_1_82' title='bbox 447 1107 541 1155; x_wconf 90' lang='lat' dir='ltr'>iam</span> <span class='ocrx_word' id='word_1_83' title='bbox 578 1106 690 1153; x_wconf 90' lang='lat' dir='ltr'>huic</span> <span class='ocrx_word' id='word_1_84' title='bbox 727 1107 890 1155; x_wconf 88' lang='lat' dir='ltr'>arbori</span> <span class='ocrx_word' id='word_1_85' title='bbox 924 1108 1161 1155; x_wconf 87' lang='lat' dir='ltr'><strong>honorem</strong></span> <span class='ocrx_word' id='word_1_86' title='bbox 1194 1106 1363 1155; x_wconf 79' lang='lat' dir='ltr'><strong>tribuit</strong></span> <span class='ocrx_word' id='word_1_87' title='bbox 1394 1112 1475 1154; x_wconf 82' lang='lat' dir='ltr'>rel.</span> 
     </span>
     <span class='ocr_line' id='line_1_13' title="bbox 236 1194 1603 1252; baseline 0 -14"><span class='ocrx_word' id='word_1_88' title='bbox 236 1197 358 1238; x_wconf 87' lang='lat' dir='ltr'>Bene</span> <span class='ocrx_word' id='word_1_89' title='bbox 388 1197 453 1237; x_wconf 86' lang='lat' dir='ltr'>sic</span> <span class='ocrx_word' id='word_1_90' title='bbox 470 1194 664 1248; x_wconf 84' lang='lat' dir='ltr'>Silligius</span> <span class='ocrx_word' id='word_1_91' title='bbox 687 1195 912 1250; x_wconf 82' lang='lat' dir='ltr'>vulgatam</span> <span class='ocrx_word' id='word_1_92' title='bbox 942 1197 1208 1250; x_wconf 84' lang='lat' dir='ltr'>scripturam</span> <span class='ocrx_word' id='word_1_93' title='bbox 1234 1197 1444 1248; x_wconf 73' lang='lat' dir='ltr'>correxit,</span> <span class='ocrx_word' id='word_1_94' title='bbox 1477 1210 1603 1252; x_wconf 88' lang='lat' dir='ltr'>prae-</span> 
     </span>
     <span class='ocr_line' id='line_1_14' title="bbox 127 1274 1604 1330; baseline -0.001 -12"><span class='ocrx_word' id='word_1_95' title='bbox 127 1291 233 1318; x_wconf 91' lang='lat' dir='ltr'>sens</span> <span class='ocrx_word' id='word_1_96' title='bbox 264 1285 408 1317; x_wconf 85' lang='lat' dir='ltr'>tamen</span> <span class='ocrx_word' id='word_1_97' title='bbox 440 1283 612 1328; x_wconf 89' lang='lat' dir='ltr'>tempus</span> <span class='ocrx_word' id='word_1_98' title='bbox 644 1274 684 1314; x_wconf 90' lang='lat' dir='ltr'>in</span> <span class='ocrx_word' id='word_1_99' title='bbox 715 1275 885 1329; x_wconf 80' lang='lat' dir='ltr'><em>scripsit</em></span> <span class='ocrx_word' id='word_1_100' title='bbox 915 1283 1085 1316; x_wconf 88' lang='lat' dir='ltr'>mutare</span> <span class='ocrx_word' id='word_1_101' title='bbox 1109 1275 1269 1323; x_wconf 81' lang='lat' dir='ltr'>malim,</span> <span class='ocrx_word' id='word_1_102' title='bbox 1297 1289 1383 1330; x_wconf 88' lang='lat' dir='ltr'>quo</span> <span class='ocrx_word' id='word_1_103' title='bbox 1404 1282 1604 1330; x_wconf 85' lang='lat' dir='ltr'>tempore</span> 
     </span>
     <span class='ocr_line' id='line_1_15' title="bbox 128 1353 1604 1409; baseline 0 -13"><span class='ocrx_word' id='word_1_104' title='bbox 128 1357 257 1396; x_wconf 83' lang='lat' dir='ltr'>etiam</span> <span class='ocrx_word' id='word_1_105' title='bbox 286 1353 383 1395; x_wconf 87' lang='lat' dir='ltr'>XV.</span> <span class='ocrx_word' id='word_1_106' title='bbox 408 1353 446 1397; x_wconf 89' lang='grc'>1.</span> <span class='ocrx_word' id='word_1_107' title='bbox 478 1354 621 1394; x_wconf 81' lang='lat' dir='ltr'>utitur.</span> <span class='ocrx_word' id='word_1_108' title='bbox 680 1353 792 1394; x_wconf 81' lang='lat' dir='ltr'>Nam</span> <span class='ocrx_word' id='word_1_109' title='bbox 823 1353 1028 1394; x_wconf 86' lang='lat' dir='ltr'>XXXlll.</span> <span class='ocrx_word' id='word_1_110' title='bbox 1063 1353 1153 1395; x_wconf 83' lang='lat'>113.</span> <span class='ocrx_word' id='word_1_111' title='bbox 1188 1353 1378 1409; x_wconf 82' lang='lat' dir='ltr'>perfecti</span> <span class='ocrx_word' id='word_1_112' title='bbox 1410 1355 1529 1397; x_wconf 91' lang='lat' dir='ltr'>notio</span> <span class='ocrx_word' id='word_1_113' title='bbox 1561 1355 1604 1397; x_wconf 91' lang='lat' dir='ltr'>in</span> 
     </span>
     <span class='ocr_line' id='line_1_16' title="bbox 128 1434 519 1490; baseline -0.01 -12"><span class='ocrx_word' id='word_1_114' title='bbox 128 1435 361 1490; x_wconf 83' lang='lat' dir='ltr'>participio</span> <span class='ocrx_word' id='word_1_115' title='bbox 393 1434 519 1475; x_wconf 82' lang='lat' dir='ltr'>inest.</span> 
     </span>
    </p>
   </div>
   <div class='ocr_carea' id='block_1_6' title="bbox 192 1530 1602 1686">
    <p class='ocr_par' dir='ltr' id='par_1_6' title="bbox 192 1530 1602 1686">
     <span class='ocr_line' id='line_1_17' title="bbox 686 1530 1045 1591; baseline 0.006 -15"><span class='ocrx_word' id='word_1_116' title='bbox 686 1530 782 1578; x_wconf 84' lang='grc'>132</span> <span class='ocrx_word' id='word_1_117' title='bbox 802 1552 852 1573; x_wconf 90' lang='lat'><strong><em>=</em></strong></span> <span class='ocrx_word' id='word_1_118' title='bbox 869 1530 950 1591; x_wconf 72' lang='lat'>24,</span> <span class='ocrx_word' id='word_1_119' title='bbox 963 1530 1045 1578; x_wconf 79' lang='lat'>47.</span> 
     </span>
     <span class='ocr_line' id='line_1_18' title="bbox 192 1620 1602 1686; baseline -0.002 -17"><span class='ocrx_word' id='word_1_120' title='bbox 192 1620 410 1686; x_wconf 70' lang='lat' dir='ltr'>(Cytisi)</span> <span class='ocrx_word' id='word_1_121' title='bbox 444 1621 637 1684; x_wconf 81' lang='lat' dir='ltr'>plantae</span> <span class='ocrx_word' id='word_1_122' title='bbox 671 1620 906 1667; x_wconf 81' lang='lat' dir='ltr'>cubitales</span> <span class='ocrx_word' id='word_1_123' title='bbox 936 1621 1284 1684; x_wconf 83' lang='lat' dir='ltr'>praeferuntur</span> <span class='ocrx_word' id='word_1_124' title='bbox 1314 1620 1489 1666; x_wconf 86' lang='lat' dir='ltr'><strong>scrobe</strong></span> <span class='ocrx_word' id='word_1_125' title='bbox 1519 1635 1602 1684; x_wconf 86' lang='lat' dir='ltr'>pe·</span> 
     </span>
    </p>
   </div>
   <div class='ocr_carea' id='block_1_7' title="bbox 1628 1561 1711 1604">
    <p class='ocr_par' dir='ltr' id='par_1_7' title="bbox 1628 1561 1711 1604">
     <span class='ocr_line' id='line_1_19' title="bbox 1628 1561 1681 1603; textangle 90"><span class='ocrx_word' id='word_1_126' title='bbox 1628 1561 1681 1603; x_wconf 66' lang='lat' dir='ltr'>s</span> 
     </span>
     <span class='ocr_line' id='line_1_20' title="bbox 1684 1563 1711 1604; textangle 90"><span class='ocrx_word' id='word_1_127' title='bbox 1684 1563 1711 1604; x_wconf 69' lang='lat'>02</span> 
     </span>
    </p>
   </div>
   <div class='ocr_carea' id='block_1_8' title="bbox 197 1710 1154 1775">
    <p class='ocr_par' dir='ltr' id='par_1_8' title="bbox 197 1710 1154 1775">
     <span class='ocr_line' id='line_1_21' title="bbox 197 1710 1154 1775; baseline -0.001 -18"><span class='ocrx_word' id='word_1_128' title='bbox 197 1710 308 1757; x_wconf 87' lang='lat' dir='ltr'>dali.</span> <span class='ocrx_word' id='word_1_129' title='bbox 380 1710 575 1758; x_wconf 84' lang='lat' dir='ltr'>Seritur</span> <span class='ocrx_word' id='word_1_130' title='bbox 610 1727 700 1774; x_wconf 87' lang='lat' dir='ltr'>per</span> <span class='ocrx_word' id='word_1_131' title='bbox 733 1711 1042 1775; x_wconf 88' lang='lat' dir='ltr'>aequinoctia</span> <span class='ocrx_word' id='word_1_132' title='bbox 1073 1716 1154 1757; x_wconf 85' lang='lat' dir='ltr'>rel.</span> 
     </span>
    </p>
   </div>
   <div class='ocr_carea' id='block_1_9' title="bbox 128 1799 1607 2243">
    <p class='ocr_par' dir='ltr' id='par_1_9' title="bbox 128 1799 1607 2243">
     <span class='ocr_line' id='line_1_22' title="bbox 237 1799 1606 1854; baseline 0.001 -14"><span class='ocrx_word' id='word_1_133' title='bbox 237 1800 405 1842; x_wconf 89' lang='lat' dir='ltr'>Nescio</span> <span class='ocrx_word' id='word_1_134' title='bbox 436 1799 537 1854; x_wconf 89' lang='lat' dir='ltr'>quid</span> <span class='ocrx_word' id='word_1_135' title='bbox 568 1800 649 1841; x_wconf 87' lang='lat' dir='ltr'>sibi</span> <span class='ocrx_word' id='word_1_136' title='bbox 681 1799 817 1841; x_wconf 87' lang='lat' dir='ltr'>velint</span> <span class='ocrx_word' id='word_1_137' title='bbox 849 1800 1044 1844; x_wconf 87' lang='lat' dir='ltr'>ablativi.</span> <span class='ocrx_word' id='word_1_138' title='bbox 1105 1800 1217 1841; x_wconf 88' lang='lat' dir='ltr'>Num</span> <span class='ocrx_word' id='word_1_139' title='bbox 1252 1801 1364 1841; x_wconf 85' lang='lat' dir='ltr'>enim</span> <span class='ocrx_word' id='word_1_140' title='bbox 1396 1808 1484 1842; x_wconf 79' lang='lat' dir='ltr'>tuin</span> <span class='ocrx_word' id='word_1_141' title='bbox 1511 1807 1606 1841; x_wconf 86' lang='lat' dir='ltr'>tan·</span> 
     </span>
     <span class='ocr_line' id='line_1_23' title="bbox 128 1877 1606 1933; baseline 0.003 -17"><span class='ocrx_word' id='word_1_142' title='bbox 128 1884 216 1918; x_wconf 76' lang='lat' dir='ltr'>tuin</span> <span class='ocrx_word' id='word_1_143' title='bbox 246 1878 460 1919; x_wconf 78' lang='lat' dir='ltr'>cubitales</span> <span class='ocrx_word' id='word_1_144' title='bbox 491 1877 669 1932; x_wconf 78' lang='lat' dir='ltr'>plantae</span> <span class='ocrx_word' id='word_1_145' title='bbox 689 1877 1015 1932; x_wconf 63' lang='lat' dir='ltr'>praeferuntur⁹</span> <span class='ocrx_word' id='word_1_146' title='bbox 1050 1892 1180 1933; x_wconf 86' lang='lat' dir='ltr'>quum</span> <span class='ocrx_word' id='word_1_147' title='bbox 1213 1879 1404 1920; x_wconf 85' lang='lat' dir='ltr'>serobes</span> <span class='ocrx_word' id='word_1_148' title='bbox 1433 1877 1606 1933; x_wconf 84' lang='lat' dir='ltr'>pedalis</span> 
     </span>
     <span class='ocr_line' id='line_1_24' title="bbox 129 1954 1606 2011; baseline 0.001 -15"><span class='ocrx_word' id='word_1_149' title='bbox 129 1955 226 1996; x_wconf 76' lang='lat' dir='ltr'>est‘.2</span> <span class='ocrx_word' id='word_1_150' title='bbox 292 1956 425 2010; x_wconf 88' lang='lat' dir='ltr'>Atqui</span> <span class='ocrx_word' id='word_1_151' title='bbox 463 1954 706 2009; x_wconf 85' lang='lat' dir='ltr'>plantarum</span> <span class='ocrx_word' id='word_1_152' title='bbox 749 1955 930 1996; x_wconf 86' lang='lat' dir='ltr'>altitudo</span> <span class='ocrx_word' id='word_1_153' title='bbox 970 1970 1058 1997; x_wconf 91' lang='lat' dir='ltr'>non</span> <span class='ocrx_word' id='word_1_154' title='bbox 1100 1969 1126 1997; x_wconf 85' lang='lat' dir='ltr'>a</span> <span class='ocrx_word' id='word_1_155' title='bbox 1163 1957 1398 1998; x_wconf 82' lang='lat' dir='ltr'>scrobibus</span> <span class='ocrx_word' id='word_1_156' title='bbox 1428 1957 1606 2011; x_wconf 85' lang='lat' dir='ltr'>pendet,</span> 
     </span>
     <span class='ocr_line' id='line_1_25' title="bbox 129 2033 1607 2088; baseline 0.003 -16"><span class='ocrx_word' id='word_1_157' title='bbox 129 2033 210 2073; x_wconf 89' lang='lat' dir='ltr'>sed</span> <span class='ocrx_word' id='word_1_158' title='bbox 243 2034 429 2074; x_wconf 85' lang='lat' dir='ltr'>scrobes</span> <span class='ocrx_word' id='word_1_159' title='bbox 467 2048 547 2088; x_wconf 84' lang='lat' dir='ltr'>pro</span> <span class='ocrx_word' id='word_1_160' title='bbox 585 2033 812 2074; x_wconf 83' lang='lat' dir='ltr'>altitudine</span> <span class='ocrx_word' id='word_1_161' title='bbox 843 2033 1091 2087; x_wconf 86' lang='lat' dir='ltr'>plantarum</span> <span class='ocrx_word' id='word_1_162' title='bbox 1121 2034 1326 2076; x_wconf 85' lang='lat' dir='ltr'>facienda</span> <span class='ocrx_word' id='word_1_163' title='bbox 1363 2036 1457 2077; x_wconf 87' lang='lat' dir='ltr'>erit.</span> <span class='ocrx_word' id='word_1_164' title='bbox 1518 2035 1607 2077; x_wconf 90' lang='lat' dir='ltr'>Le-</span> 
     </span>
     <span class='ocr_line' id='line_1_26' title="bbox 130 2110 1607 2168; baseline 0.001 -16"><span class='ocrx_word' id='word_1_165' title='bbox 130 2111 320 2164; x_wconf 84' lang='lat' dir='ltr'>gendum</span> <span class='ocrx_word' id='word_1_166' title='bbox 354 2118 421 2152; x_wconf 85' lang='lat' dir='ltr'>est</span> <span class='ocrx_word' id='word_1_167' title='bbox 445 2118 608 2152; x_wconf 87' lang='lat' dir='ltr'>mutata</span> <span class='ocrx_word' id='word_1_168' title='bbox 626 2111 1003 2165; x_wconf 86' lang='lat' dir='ltr'>interpunctione:</span> <span class='ocrx_word' id='word_1_169' title='bbox 1038 2110 1607 2168; x_wconf 76' lang='lat' dir='ltr'>—praef&#39;ernntur.Serobe</span> 
     </span>
     <span class='ocr_line' id='line_1_27' title="bbox 128 2188 1102 2243; baseline 0.003 -15"><span class='ocrx_word' id='word_1_170' title='bbox 128 2188 275 2243; x_wconf 83' lang='lat' dir='ltr'>pedali</span> <span class='ocrx_word' id='word_1_171' title='bbox 300 2190 465 2229; x_wconf 76' lang='lat' dir='ltr'>seritur</span> <span class='ocrx_word' id='word_1_172' title='bbox 493 2189 591 2242; x_wconf 56' lang='lat' dir='ltr'>rel„</span> <span class='ocrx_word' id='word_1_173' title='bbox 632 2188 690 2232; x_wconf 85' lang='lat' dir='ltr'>cf.</span> <span class='ocrx_word' id='word_1_174' title='bbox 715 2188 945 2231; x_wconf 86' lang='lat' dir='ltr'>Columell.</span> <span class='ocrx_word' id='word_1_175' title='bbox 971 2189 1102 2231; x_wconf 79' lang='lat' dir='ltr'><strong>v.12.</strong></span> 
     </span>
    </p>
   </div>
   <div class='ocr_carea' id='block_1_10' title="bbox 133 2286 1605 2410">
    <p class='ocr_par' dir='ltr' id='par_1_10' title="bbox 133 2286 1605 2410">
     <span class='ocr_line' id='line_1_28' title="bbox 242 2286 1605 2347; baseline 0.001 -15"><span class='ocrx_word' id='word_1_176' title='bbox 242 2291 390 2347; x_wconf 79' lang='lat'>§.139.</span> <span class='ocrx_word' id='word_1_177' title='bbox 425 2305 520 2332; x_wconf 86' lang='lat' dir='ltr'>eum</span> <span class='ocrx_word' id='word_1_178' title='bbox 554 2291 753 2331; x_wconf 79' lang='lat' dir='ltr'>Pintiano</span> <span class='ocrx_word' id='word_1_179' title='bbox 787 2298 888 2344; x_wconf 83' lang='lat' dir='ltr'>post</span> <span class='ocrx_word' id='word_1_180' title='bbox 917 2305 957 2333; x_wconf 77' lang='lat' dir='ltr'>v.</span> <span class='ocrx_word' id='word_1_181' title='bbox 985 2286 1148 2344; x_wconf 74' lang='lat' dir='ltr'>referta</span> <span class='ocrx_word' id='word_1_182' title='bbox 1179 2303 1203 2331; x_wconf 89' lang='lat' dir='ltr'>e</span> <span class='ocrx_word' id='word_1_183' title='bbox 1226 2289 1450 2345; x_wconf 83' lang='lat' dir='ltr'>Theophr.</span> <span class='ocrx_word' id='word_1_184' title='bbox 1474 2290 1525 2334; x_wconf 87' lang='lat' dir='ltr'>H.</span> <span class='ocrx_word' id='word_1_185' title='bbox 1548 2291 1605 2347; x_wconf 91' lang='lat' dir='ltr'>pl.</span> 
     </span>
     <span class='ocr_line' id='line_1_29' title="bbox 133 2367 905 2410; baseline -0.001 -1"><span class='ocrx_word' id='word_1_186' title='bbox 133 2368 204 2410; x_wconf 78' lang='lat' dir='ltr'>lv,</span> <span class='ocrx_word' id='word_1_187' title='bbox 228 2368 314 2410; x_wconf 54' lang='lat'>752.</span> <span class='ocrx_word' id='word_1_188' title='bbox 347 2369 626 2410; x_wconf 80' lang='lat' dir='ltr'>inserendum</span> <span class='ocrx_word' id='word_1_189' title='bbox 658 2375 725 2409; x_wconf 83' lang='lat' dir='ltr'>est</span> <span class='ocrx_word' id='word_1_190' title='bbox 755 2367 905 2408; x_wconf 78' lang='grc' dir='ltr'>ηιανιά,</span> 
     </span>
    </p>
   </div>
   <div class='ocr_carea' id='block_1_11' title="bbox 690 2546 1047 2721">
    <p class='ocr_par' dir='ltr' id='par_1_11' title="bbox 690 2546 1047 2721">
     <span class='ocr_line' id='line_1_30' title="bbox 690 2546 1047 2602; baseline 0 0"><span class='ocrx_word' id='word_1_191' title='bbox 690 2546 884 2602; x_wconf 75' lang='lat' dir='ltr'><strong>LIBER</strong></span> <span class='ocrx_word' id='word_1_192' title='bbox 918 2546 1047 2602; x_wconf 82' lang='lat' dir='ltr'>XIV.</span> 
     </span>
     <span class='ocr_line' id='line_1_31' title="bbox 739 2661 1001 2721; baseline -0.004 -13"><span class='ocrx_word' id='word_1_193' title='bbox 739 2661 804 2708; x_wconf 83' lang='lat'>27</span> <span class='ocrx_word' id='word_1_194' title='bbox 820 2686 870 2706; x_wconf 81' lang='lat'><strong><em>=</em></strong></span> <span class='ocrx_word' id='word_1_195' title='bbox 888 2661 935 2721; x_wconf 79' lang='lat'>2,</span> <span class='ocrx_word' id='word_1_196' title='bbox 954 2661 1001 2707; x_wconf 80' lang='grc'>4.</span> 
     </span>
    </p>
   </div>
   <div class='ocr_carea' id='block_1_12' title="bbox 206 2760 1519 2827">
    <p class='ocr_par' dir='ltr' id='par_1_12' title="bbox 206 2760 1519 2827">
     <span class='ocr_line' id='line_1_32' title="bbox 206 2760 1519 2827; baseline -0.002 -17"><span class='ocrx_word' id='word_1_197' title='bbox 206 2761 435 2810; x_wconf 81' lang='lat' dir='ltr'>visula...</span> <span class='ocrx_word' id='word_1_198' title='bbox 468 2760 618 2825; x_wconf 78' lang='lat' dir='ltr'>magis</span> <span class='ocrx_word' id='word_1_199' title='bbox 656 2777 797 2826; x_wconf 88' lang='lat' dir='ltr'>quam</span> <span class='ocrx_word' id='word_1_200' title='bbox 834 2761 987 2810; x_wconf 89' lang='lat' dir='ltr'>denso</span> <span class='ocrx_word' id='word_1_201' title='bbox 1024 2777 1225 2811; x_wconf 82' lang='lat' dir='ltr'>uvarum</span> <span class='ocrx_word' id='word_1_202' title='bbox 1261 2769 1402 2827; x_wconf 84' lang='lat' dir='ltr'>partu</span> <span class='ocrx_word' id='word_1_203' title='bbox 1439 2767 1519 2810; x_wconf 86' lang='lat' dir='ltr'>rel.</span> 
     </span>
    </p>
   </div>
   <div class='ocr_carea' id='block_1_13' title="bbox 250 2851 1612 2971">
    <p class='ocr_par' dir='ltr' id='par_1_13' title="bbox 250 2851 1612 2971">
     <span class='ocr_line' id='line_1_33' title="bbox 250 2851 1612 2909; baseline 0.001 -17"><span class='ocrx_word' id='word_1_204' title='bbox 250 2851 484 2895; x_wconf 81' lang='lat' dir='ltr'>Excidisse</span> <span class='ocrx_word' id='word_1_205' title='bbox 500 2853 684 2895; x_wconf 86' lang='lat' dir='ltr'>verbum</span> <span class='ocrx_word' id='word_1_206' title='bbox 700 2851 873 2909; x_wconf 86' lang='lat' dir='ltr'>aliquod</span> <span class='ocrx_word' id='word_1_207' title='bbox 889 2851 1140 2895; x_wconf 75' lang='lat' dir='ltr'>narduinus</span> <span class='ocrx_word' id='word_1_208' title='bbox 1156 2852 1386 2903; x_wconf 84' lang='lat' dir='ltr'>intellexit,</span> <span class='ocrx_word' id='word_1_209' title='bbox 1397 2852 1513 2908; x_wconf 88' lang='lat' dir='ltr'>quod</span> <span class='ocrx_word' id='word_1_210' title='bbox 1529 2852 1612 2894; x_wconf 88' lang='lat' dir='ltr'>etsi</span> 
     </span>
     <span class='ocr_line' id='line_1_34' title="bbox 1282 2930 1334 2971; baseline -0.019 0"><span class='ocrx_word' id='word_1_211' title='bbox 1282 2930 1334 2971; x_wconf 77' lang='lat'>12</span> 
     </span>
    </p>
   </div>
   <div class='ocr_carea' id='block_1_14' title="bbox 1635 2700 1717 2743">
    <p class='ocr_par' dir='ltr' id='par_1_14' title="bbox 1635 2700 1717 2743">
     <span class='ocr_line' id='line_1_35' title="bbox 1635 2700 1717 2743; baseline 0.024 -2"><span class='ocrx_word' id='word_1_212' title='bbox 1635 2700 1717 2743; x_wconf 77' lang='lat'>227</span> 
     </span>
    </p>
   </div>
  </div>
 </body>
</html>
