1914 3237
758 132 890 173 Liber
919 132 1007 173 XI.
1540 127 1622 168 167

208 255 316 319 gius
365 256 602 320 spatium3
672 255 854 303 iidem
917 255 1073 302 minus
1126 255 1377 313 sollertes,
1444 252 1618 316 quibus

209 347 526 395 obesissimus
559 355 744 396 venter.

251 445 348 487 Duo
379 446 626 487 animalium
656 458 822 500 genera
853 445 1060 499 distingui
1090 443 1369 485 manifestum
1401 449 1484 493 est,
1513 456 1617 497 qua-

139 532 323 579 propter
353 525 634 565 scribendum
668 536 832 564 censeo
865 522 987 562 item
1017 538 1098 578 pro
1131 522 1274 575 iidem,
1305 534 1493 576 quocum
1514 519 1615 562 alibi

136 615 309 656 quoque
340 616 384 646 v.
418 616 459 646 c.
490 601 638 657 §.2431
670 599 968 642 confunditur.

671 714 767 761 ‘255
788 736 838 756 =
858 712 939 774 46,
963 712 1075 760 106.

201 813 354 861 'Palus
388 823 549 861 autem
580 820 746 862 rectus
780 820 855 861 est
886 812 935 861 in
968 812 1185 861 articulis
1217 810 1358 876 pedis
1395 818 1610 860 ventre

198 904 416 952 eminens
454 921 719 965 concavo,
756 904 806 951 in
842 905 1071 952 vertebra
1100 902 1293 967 ligatus.

243 1003 385 1045 Recte
419 1004 723 1046 Schneiderus
765 1005 889 1046 cuius
919 1003 1029 1045 libro
1066 1016 1203 1057 aegre
1242 1014 1400 1053 careo,
1439 1002 1609 1057 Silligio

128 1091 242 1125 teste
278 1098 460 1126 sensum
500 1085 610 1138 loci,
655 1084 1024 1140 quemadmodum
1062 1096 1179 1124 nunc
1218 1082 1392 1137 quidem
1434 1081 1608 1135 legitur,

126 1162 319 1217 ineptum
353 1170 395 1204 et
425 1162 584 1205 falsum
616 1164 742 1215 dicit,
778 1171 899 1206 recte
934 1164 1050 1205 idem
1079 1176 1161 1217 pro
1190 1176 1376 1202 concavo
1405 1162 1608 1202 seriben—

124 1243 225 1283 dum
273 1243 447 1284 censuit
496 1257 735 1284 concavus:
789 1252 857 1285 est
895 1244 1008 1284 enini
1046 1242 1295 1284 contrarius
1334 1247 1460 1281 recto
1502 1240 1604 1281 talo.

124 1319 315 1362 Prorsus
354 1330 499 1363 autem
539 1323 828 1365 intolerabilis
863 1329 1005 1365 restat
1043 1336 1131 1364 vox
1168 1327 1338 1369 vemt-<53
1376 1333 1476 1361 nam
1515 1320 1603 1362 talo

121 1412 220 1440 cum
255 1409 410 1442 ventre
441 1401 544 1442 nihil
577 1416 807 1444 commune
841 1408 923 1443 est,
996 1400 1158 1442 Plinius
1196 1408 1299 1439 ante
1333 1398 1490 1440 oculos
1523 1399 1604 1440 ha-

119 1479 213 1519 buit
234 1479 490 1520 Aristotelis
519 1479 664 1521 locum
687 1479 796 1523 Hist.
812 1481 942 1522 anim,
965 1479 1014 1519 11.
1036 1479 1074 1521 l.
1093 1493 1133 1532 p.
1149 1477 1246 1520 499.
1267 1478 1306 1519 b.
1324 1477 1390 1518 ⁶27.
1416 1478 1486 1532 qui
1516 1474 1602 1531 ἔχει

116 1555 150 1599 δ’
173 1556 320 1611 ὀρθὸν,
350 1558 500 1613 inquit,
533 1556 604 1601 τὸν
629 1557 911 1614 ἀστράγαλον
940 1557 985 1598 ἐν
1007 1557 1055 1612 τῇ
1074 1557 1242 1611 καμπῇ,
1273 1555 1317 1598 τὸ
1345 1554 1425 1610 μὲν
1448 1554 1602 1610 πρανὲς

117 1632 208 1690 ἔξω,
239 1636 282 1679 τὸ
308 1638 340 1679 δ’
366 1634 512 1679 ὕπτιον
543 1634 655 1679 εἴσω.
689 1640 829 1685 Quem
859 1644 954 1678 utut
983 1636 1121 1677 libere
1153 1642 1197 1677 et
1228 1634 1428 1676 sortasse
1459 1635 1600 1676 minus

114 1722 236 1756 reete
267 1716 582 1770 interpretatus
614 1723 697 1768 est,
729 1716 997 1755 exteriorem
1025 1721 1169 1754 tamen
1203 1712 1330 1766 pedis
1350 1720 1518 1767 partem
1543 1715 1597 1755 ab

116 1806 169 1834 ea
193 1807 306 1848 quae
329 1794 547 1835 introrsus
570 1792 777 1843 flectitur,
801 1791 1056 1832 distinxisse
1079 1791 1301 1845 putandus
1322 1798 1405 1835 est.
1450 1792 1596 1848 Atque

114 1872 151 1912 is
172 1885 333 1913 sensus
350 1872 537 1913 orationi
557 1870 813 1923 restituitur,
842 1869 914 1910 ubi
934 1867 1051 1910 facili
1073 1868 1312 1910 mutatione
1335 1869 1593 1924 scripseris:

174 1951 306 1991 Talus
337 1957 480 1991 aulem
512 1956 653 1990 rectus
683 1955 746 1989 est
772 1950 816 1989 in
837 1948 1033 1989 articulis
1058 1947 1181 2003 pedis
1211 1954 1356 1989 retro
1386 1949 1592 2003 eminens,

169 2044 404 2071 concavus
436 2030 481 2069 in
512 2027 707 2069 vertebra
738 2028 906 2085 ligatus.

222 2111 285 2150 lta
328 2110 564 2163 opponitur
609 2116 758 2149 rectus
804 2108 916 2149 talus
963 2122 1191 2158 concavo,
1239 2107 1310 2148 ille
1352 2107 1422 2162 qui
1468 2115 1587 2148 retro

109 2189 268 2229 eminet
299 2190 336 2231 ei
369 2189 439 2244 qni
471 2189 640 2229 flexura
670 2188 841 2229 articuli
873 2187 1089 2242 alligatur.
1160 2187 1346 2230 Videtur
1374 2194 1519 2229 autem
1550 2188 1587 2228 is

108 2267 180 2321 qui
213 2272 361 2307 ventre
387 2266 589 2321 scripsit,
625 2268 874 2307 vertebram
907 2266 1078 2318 spinam
1110 2265 1396 2308 intellexisse.
1459 2266 1586 2308 Cete-

109 2359 201 2386 rum
233 2345 365 2399 paulo
399 2359 535 2399 supra
566 2346 624 2385 ita
656 2345 1056 2398 interpungendum
1089 2351 1204 2385 erat:

176 2423 447 2487 Cornigera
486 2424 590 2470 fere
636 2423 844 2483 bisulca,
891 2422 1046 2470 solida
1084 2425 1261 2487 ungula
1297 2432 1347 2472 et
1382 2425 1581 2473 bicorne

171 2515 381 2574 nullum,
415 2513 648 2562 unicorne
679 2513 843 2562 asinus
875 2521 1058 2563 tantum
1096 2515 1313 2577 Indicus,
1347 2516 1579 2565 unicorne

173 2613 222 2652 et
254 2605 491 2653 bisulcum
530 2622 672 2669 oryx.

216 2695 327 2735 Nam
358 2710 488 2750 quum
521 2695 756 2749 cornigera
784 2693 878 2736 sere
914 2696 1058 2736 omnia
1086 2694 1254 2736 bisulca
1286 2710 1388 2737 esse
1420 2697 1578 2739 dixerit

107 2773 293 2826 Plinius,
330 2774 453 2815 varia
492 2786 661 2828 genera
698 2773 757 2814 ita
802 2773 1046 2828 distinguit,
1097 2781 1142 2815 ut
1179 2774 1375 2816 bicornia
1417 2776 1576 2825 onmia,
