1914 3237
712 181 834 220 Liber
868 180 1007 220 XVII.
1534 173 1587 217 45

128 308 216 354 αὖα
246 314 370 353 ποιεῖ
395 312 469 351 καὶ
497 306 604 365 ξηρά
635 325 671 349 κ.
701 305 760 351 τὲ.
796 307 933 348 Plinio
964 307 1091 363 igitur
1120 306 1311 362 repetitis
1328 304 1460 347 tribus
1480 317 1589 360 quae

128 388 259 429 semel
290 388 528 429 scribuntur
556 386 706 426 litteris
737 384 989 424 restituitur:

351 491 393 497 —
430 468 564 505 exurit
594 467 650 504 ila
680 464 906 511 arefaciens
937 485 985 490 —

129 542 272 584 Simile
312 541 458 583 vitium
489 541 526 596 ξ.
556 541 636 584 233
674 545 775 582 incer
804 553 880 595 pro
924 543 964 580 in
1003 542 1120 580 terris
1155 537 1403 579 Harduinus
1448 551 1590 579 emen-

127 619 255 662 davit.

683 707 778 754 233
802 719 854 738 =
873 705 1033 761 2437.
1622 734 1703 778 332

192 791 335 842 Aliae
372 792 417 841 in
455 793 595 841 terris
619 789 1097 856 septentrioiialibUS‚
1140 793 1191 838 ut
1224 788 1400 848 Ροηῑο,
1436 788 1593 854 Phry-

191 880 293 945 gia,
341 880 521 946 frigore
557 884 638 929 aut
672 879 791 944 gelu
825 878 1047 928 laborant
1084 907 1142 914 —

126 972 165 1009 in
197 972 321 1009 Ροηίο
353 969 440 1010 Sill.
481 968 593 1024 quod
618 982 640 1009 e
670 967 761 1009 cod.
807 981 832 1008 a
863 966 991 1007 Ianus
1023 966 1219 1007 correxit.
1279 965 1443 1007 Vellem
1482 965 1592 1006 eius-

128 1045 223 1086 dem
255 1047 382 1087 etiam
426 1047 468 1087 in
499 1046 690 1100 proximo
736 1045 941 1087 vocabulo
972 1058 1098 1100 quam
1142 1057 1219 1099 par
1262 1049 1352 1084 erat
1386 1043 1594 1084 rationem

126 1124 345 1165 habuisset
395 1129 441 1165 ut
484 1123 714 1178 Phrygiam
761 1124 882 1163 terris
926 1122 1328 1177 septentrionalibus
1377 1122 1594 1163 eximeret.

127 1202 231 1243 Ood.
278 1203 389 1243 enim
434 1216 458 1243 a
502 1201 679 1257 praebet
723 1203 864 1251 fraqia
910 1201 936 1240 i.
969 1214 1004 1241 e.
1042 1203 1235 1253 leracia,
1281 1213 1408 1255 quam
1455 1198 1593 1240 Theo-

127 1279 324 1335 phrastus
357 1280 393 1335 §.
428 1281 502 1333 13,
544 1279 741 1320 disertius
775 1279 904 1320 etiam
936 1292 1051 1320 caus.
1082 1279 1214 1333 plant.
1248 1279 1296 1319 V.
1331 1279 1395 1322 13.
1430 1279 1478 1320 11.
1520 1291 1594 1318 no-

127 1359 312 1400 minavit.

687 1458 780 1506 ‘235
799 1473 861 1499 =
877 1457 1035 1514 2437.
1625 1455 1705 1499 333

197 1574 256 1580 -—
294 1543 512 1593 similiter
551 1543 650 1593 ilex
701 1548 748 1592 et
790 1544 939 1593 robur
985 1547 1032 1592 et
1068 1557 1294 1606 quercus,
1369 1540 1502 1602 Quae
1557 1540 1597 1589 si

197 1639 406 1698 angusta
442 1631 758 1682 decorticatio
796 1631 884 1680 fuit
918 1630 1004 1680 rel.

238 1721 321 1762 Hic
365 1734 531 1776 quoque
572 1719 813 1761 auctoritati
862 1719 1018 1761 codicis
1064 1732 1111 1772 a,
1162 1718 1205 1759 in
1245 1732 1326 1773 quo
1370 1718 1594 1773 reperitur:

132 1799 274 1853 ‚robur
305 1804 497 1854 quereus.
556 1798 689 1846 Quae‘
722 1798 983 1853 obtemper0‚
1029 1811 1123 1840 cum
1154 1796 1312 1838 scribo:
1351 1811 1382 1837 s.
1411 1800 1434 1838 i.
1469 1809 1500 1837 e.
1530 1810 1596 1838 ro-

132 1882 207 1920 bur
237 1891 496 1930 quercusque.
529 1881 576 1919 Si
605 1884 778 1928 anqusta
808 1876 882 1917 rel.

689 1990 785 2037 238
807 2003 862 2023 =
881 1989 1039 2045 2437.
1628 1983 1710 2028 334

198 2074 443 2124 Intereunt
484 2074 718 2140 pleraque
770 2080 817 2125 et
851 2075 966 2124 fissa
1001 2074 1172 2140 stirpe,
1228 2073 1449 2138 exceptis
1485 2073 1596 2131 vite,

198 2162 340 2222 malo,
379 2163 486 2222 fico,
526 2164 717 2228 punica,
756 2164 998 2228 quaedam
1029 2161 1110 2212 vel
1130 2162 1189 2211 ab
1211 2160 1375 2211 ulcere
1398 2166 1598 2210 tanturn.

195 2251 338 2300 Ficus
384 2250 511 2300 hanc
550 2252 773 2301 iniuriam
809 2252 994 2317 spernit
1039 2255 1086 2300 et
1123 2251 1283 2300 omnia
1319 2265 1444 2314 quae
1479 2250 1601 2299 resi-

199 2354 309 2388 nam
344 2340 567 2404 gignunt.

242 2427 445 2469 Vitiatum
475 2428 614 2469 locum
645 2441 739 2468 esse
768 2427 968 2468 Budaeus
1000 2431 1042 2468 et
1072 2426 1353 2468 Schneiderus
1386 2426 1438 2467 ad
1463 2414 1600 2468 Theo-

131 2505 221 2561 phr.
255 2505 327 2547 IV.
362 2506 424 2549 16.
460 2507 481 2548 1
515 2505 915 2558 animadverterunt,
949 2505 1093 2546 sedem
1122 2505 1210 2546 vitii
1229 2519 1313 2546 non
1334 2505 1598 2546 invenerunt.

133 2583 302 2624 Scilicet
343 2598 427 2624 non
461 2589 542 2633 fico
581 2584 656 2624 sed
692 2589 792 2633 ficus
833 2589 1074 2638 corruptum
1117 2588 1182 2634 est
1219 2583 1600 2638 corrigendumque

134 2674 156 2701 e
187 2661 470 2716 Theophrasti
500 2663 761 2703 narratione:
820 2662 874 2702 τὰ
914 2661 1088 2704 δὀὐδὲν
1133 2662 1295 2715 πάσχει
1330 2662 1536 2716 καθάπερ
1576 2659 1598 2716 ἧ

132 2741 267 2796 πεύκη
305 2740 663 2798 δᾳδουργουμένη
703 2744 776 2781 καὶ
814 2737 862 2789 ἐξ
895 2727 960 2801 ἓν
997 2740 1047 2796 δὴ
1095 2740 1173 2789 τὰς
1222 2738 1396 2797 ῥητίνας
1446 2741 1599 2782 συλλέ-

133 2833 306 2871 γουσιν,
345 2820 488 2875 itaque
518 2819 809 2874 reponendum
840 2823 926 2860 est:
970 2822 1089 2860 Pe'nus
1120 2821 1225 2860 hanc
1254 2822 1322 2860 ini.
1351 2822 1500 2871 spernit
1527 2818 1597 2860 rel.
