1914 3237
238 178 320 219 114
694 213 698 216 .
840 180 956 217 Liber
985 178 1104 218 XXI.

349 305 470 353 Quod
503 317 628 360 quum
660 305 867 360 improbet
898 305 1071 358 Plinius,
1104 319 1157 346 ne
1188 305 1240 346 de
1270 318 1319 346 eo
1345 303 1513 360 quidem
1545 317 1699 359 genere

239 384 350 438 loqui
383 397 427 423 se
458 383 564 423 velle
595 384 813 437 profitetur
843 398 965 439 quem
998 383 1386 425 innocentissimum
1417 387 1459 422 et
1489 381 1698 423 salubrem

238 461 376 501 cibum
410 460 674 502 Xenocrates
713 462 981 514 laudaverat,
1041 462 1111 516 qui
1161 462 1372 517 στρύχνος
1411 457 1625 514 ἐδώδιμος
1661 463 1702 499 et

238 538 431 594 ἀβλαβὴς
470 540 579 592 πρὸς
617 544 766 591 γεῦσιν
804 554 828 580 a
859 539 1108 580 Dioscoride
1146 518 1382 593 appellatur
1412 537 1483 580 lV.
1512 539 1563 580 71
1604 542 1646 577 et
1678 550 1702 576 a

237 616 532 671 Theophrasto
578 630 744 671 quoque
783 616 878 657 VII.
908 618 964 658 15.
1003 616 1029 656 4
1067 629 1089 655 e
1117 615 1247 655 tribus
1286 615 1512 669 generibus
1544 615 1702 669 primus

239 700 602 736 coinnimnoratur.
677 694 769 734 Hoc
814 693 1079 734 Xenocrates
1126 692 1293 732 tertium
1347 705 1480 746 genus
1525 705 1702 733 vocasse

239 773 450 827 putandus
483 777 567 824 est3
612 771 774 812 Plinius
808 778 849 812 et
879 773 968 826 ipse
997 774 1152 811 tertium
1182 784 1308 821 yenus
1337 770 1523 825 appellat
1552 770 1703 810 veneni

238 851 409 892 horrore
439 850 728 905 perturbatus,
787 850 865 890 etsi
892 863 915 889 a
944 849 1167 904 dorycnio,
1225 848 1337 903 quod
1368 849 1515 902 §.178
1552 851 1704 887 tertium

239 930 408 981 dicitur,
449 929 792 969 diversissimum.
852 927 1000 968 Obiter
1029 940 1182 968 moneo
1216 927 1250 979 ξ.
1287 927 1362 970 177
1392 926 1573 967 fortasse
1606 930 1704 964 ante

240 1021 276 1047 v.
299 1010 439 1054 frutex
456 1021 492 1046 v.
506 1010 670 1046 alterum
683 1005 904 1047 excidisse.
936 1004 1030 1045 Hoc
1062 1003 1348 1045 seXenocrati
1380 1004 1616 1058 relinquere
1648 1002 1706 1042 ait

241 1088 277 1136 ς’.
312 1086 389 1126 ’181
421 1084 558 1125 verbis
591 1096 700 1138 quae
731 1096 756 1123 a
785 1083 946 1138 Silligio
979 1087 1020 1123 et
1045 1084 1147 1124 Iano
1177 1083 1237 1123 ita
1266 1082 1468 1123 eduntur:

130 1238 210 1284 472
767 1232 853 1278 181
894 1248 955 1272 z
990 1232 1182 1287 3¹,105.

307 1329 678 1380 Commendatur
713 1343 832 1392 ergo
878 1328 925 1376 in
967 1328 1087 1377 cibis
1123 1326 1314 1376 tertium
1351 1340 1539 1390 genus3
1591 1324 1708 1376 licet

303 1422 463 1466 autem
522 1417 821 1481 praeferatur
855 1416 1118 1466 hortensiis
1154 1414 1414 1480 saporibus
1462 1419 1509 1462 et
1543 1413 1610 1462 nil
1644 1415 1708 1463 sit

307 1506 527 1570 corporis
585 1505 820 1555 malorum
883 1506 957 1554 cui
1014 1520 1109 1554 non
1171 1502 1410 1553 salutares
1468 1501 1706 1567 trychnos

311 1594 610 1643 Xenocrates
644 1593 922 1658 praedicet,
978 1608 1073 1642 non
1110 1598 1270 1641 tamen
1325 1589 1504 1639 auxilia
1540 1605 1706 1640 eorum

304 1684 422 1732 tanti
457 1686 570 1731 sunt
607 1686 657 1730 ut
692 1683 805 1732 ideo
845 1681 982 1747 plura
1028 1681 1089 1730 de
1124 1682 1182 1730 iis
1219 1693 1599 1729 commemorare
1635 1678 1708 1727 fas

306 1777 467 1838 putem
506 1776 596 1820 etc.

350 1860 470 1908 Quae
504 1873 597 1899 cum
628 1858 911 1913 praecedente
942 1871 1069 1898 sensu
1104 1857 1218 1898 nullo
1249 1855 1373 1897 modo
1404 1854 1633 1896 cohaerent
1665 1858 1710 1894 et

242 1940 393 1995 partim
435 1938 678 1979 coniectura
708 1937 908 1977 nituntur.
970 1935 1102 1976 Oodd.
1135 1936 1245 1976 enini
1277 1947 1423 1975 vocem
1465 1940 1595 1973 autem
1625 1945 1709 1972 non

242 2018 400 2058 habent
431 2031 452 2056 o
483 2015 721 2069 corruptela
751 2014 843 2056 cod.
871 2014 910 2054 R
929 2017 1213 2066 apraeseratur
1242 2027 1267 2053 a
1286 2012 1371 2054 Sill.
1404 2011 1598 2052 effictam.
1628 2010 1710 2050 Pro

242 2096 468 2136 indicativo
501 2095 541 2134 in
573 2093 608 2134 Τ
628 2093 653 2134 d
685 2093 974 2133 subiunctivus
1003 2093 1176 2147 legitur,
1216 2105 1297 2147 quo
1338 2090 1514 2145 probato
1546 2089 1710 2129 initium

243 2175 321 2214 loci
354 2174 411 2213 ita
442 2173 672 2213 constituo:

299 2255 587 2292 conmmmletm·
616 2264 710 2301 erqo
742 2275 790 2280 -
820 2263 943 2300 yemts
973 2252 1063 2289 licet
1092 2261 1150 2288 uc
1176 2249 1434 2299 praeferatur
1464 2249 1542 2285 etc.

354 2330 470 2370 Finis
502 2329 673 2383 egregie
706 2342 730 2368 a
762 2327 1037 2381 Dalecampio
1076 2325 1326 2388 emendatus
1359 2329 1443 2377 est,
1484 2321 1606 2363 codd.
1637 2321 1711 2362 ha-

248 2410 345 2449 bent
374 2413 416 2449 id
441 2413 579 2459 pilum
609 2421 687 2449 non
718 2407 778 2459 R,
815 2409 859 2447 id
883 2411 1039 2458 pletura
1069 2418 1142 2446 nos
1171 2402 1317 2456 VTd,
1355 2406 1399 2444 id
1420 2406 1610 2454 pleumru
1640 2413 1713 2440 nos

250 2490 302 2539 Θ,
333 2493 378 2526 ut
408 2500 638 2541 pronomen
670 2499 763 2537 nos,
800 2484 911 2539 quod
932 2483 1162 2525 Xenocrati
1193 2482 1440 2537 opponitur,
1472 2483 1709 2535 promptum

249 2579 297 2605 ac
330 2569 519 2618 paratum
553 2564 671 2605 nohis
703 2563 915 2604 offeratur.
955 2563 1079 2603 Haud
1111 2560 1353 2602 dubitanter
1385 2559 1512 2613 igitur
1540 2557 1659 2610 lego:

303 2652 343 2682 ut
374 2646 462 2683 ideo
490 2646 610 2693 plura
640 2655 727 2682 nos
760 2641 832 2681 rel.

357 2720 505 2774 Neque
538 2720 603 2760 hic
635 2719 873 2773 corrigendi
903 2719 969 2760 vel
1001 2719 1140 2773 potius
1179 2715 1420 2761 vindicandi
1460 2714 1585 2754 finem
1619 2713 1715 2754 licet

250 2801 401 2840 facere.
460 2799 581 2846 Quod
608 2799 717 2838 enini
750 2800 786 2851 ξ.
822 2797 899 2840 182
923 2796 1034 2851 apud
1066 2795 1152 2836 Sill.
1184 2797 1270 2835 lan.
1301 2793 1482 2846 legitur:
