1914 3237
267 1095 390 1143 Quod
423 1095 610 1136 laborem
634 1101 732 1136 ante
763 1095 839 1136 hos
872 1096 1018 1137 decem
1050 1109 1182 1137 annos
1199 1097 1485 1138 intermissum
1515 1112 1627 1139 nunc

163 1173 332 1214 demum
370 1187 562 1226 resumo,
609 1178 834 1228 propterea
870 1174 1053 1214 maxime
1092 1173 1251 1214 factum
1290 1180 1376 1227 est,
1425 1176 1624 1231 quoniam

159 1252 367 1304 editionis,
399 1265 524 1307 quam
547 1265 571 1292 a
590 1251 626 1292 L
641 1251 861 1292 udovico
893 1251 1036 1302 Iano,
1068 1252 1156 1292 viro
1177 1252 1419 1294 doctissimo
1441 1253 1626 1309 mihique

160 1330 438 1383 amicissimo,
470 1330 611 1385 parari
641 1343 943 1384 cognoveram,
974 1344 1244 1385 progressum
1284 1331 1527 1386 exitumque
1556 1345 1627 1372 ex-

159 1413 351 1463 spectare
392 1412 635 1449 statueram.
705 1407 834 1463 Spem
873 1409 983 1449 enim
1025 1422 1301 1463 conceperam
1338 1409 1628 1462 laetissimam,

156 1486 267 1544 fore
292 1490 338 1526 ut
381 1487 500 1527 multi
532 1486 681 1541 Silligii
720 1499 882 1527 errores
923 1501 948 1527 a
980 1487 1067 1528 viro
1107 1487 1405 1541 sagacissimo,
1459 1488 1628 1528 criticae

158 1564 259 1605 artis
297 1565 452 1619 perito,
503 1564 555 1605 de
592 1565 718 1605 Plinii
766 1565 949 1605 naturali
1003 1564 1179 1605 historia
1219 1566 1435 1620 praeclare
1480 1566 1626 1606 merito

158 1642 416 1683 tollerentur.
475 1642 623 1697 Neque
654 1642 759 1682 haec
791 1655 888 1696 spes
918 1656 985 1682 me
1016 1642 1176 1683 fefellit.
1225 1642 1493 1698 Quamquam
1515 1644 1626 1684 enim

156 1720 371 1760 interdum
427 1725 499 1761 aut
551 1719 712 1774 Silligio
780 1720 919 1775 potius
980 1725 1053 1760 aut
1117 1720 1298 1775 vulgatis
1357 1728 1455 1762 ante
1530 1734 1626 1762 eum

158 1798 471 1853 exemplaribus
505 1798 736 1850 assentior,
778 1798 994 1852 aliquanto
1031 1802 1173 1838 tamen
1204 1799 1393 1853 pluribus
1423 1799 1526 1840 locis
1558 1813 1625 1840 sa-

157 1876 336 1916 lutarem
375 1889 544 1916 manum
585 1875 636 1915 ab
668 1875 776 1916 Jano
818 1876 1009 1915 allatam*
1040 1889 1134 1917 esse
1164 1890 1322 1932 magna
1365 1863 1459 1917 cum
1499 1877 1628 1917 animi

157 1953 372 2006 voluptate
402 1953 603 1994 intellexi.
649 1953 715 1993 De
745 1953 958 1994 nonnullis
990 1959 1131 1994 autem
1162 1954 1252 2009 ipse
1282 1954 1382 2010 quid
1412 1955 1626 2007 sentirem,

156 2031 200 2071 in
241 2031 573 2072 chrestomathia
608 2032 807 2072 Pliniana
853 2045 963 2072 anno
1001 2031 1335 2074 MDCCCLVII.
1394 2033 1507 2073 edita
1563 2033 1625 2073 in-

157 2108 302 2154 dicavi.
336 2111 502 2150 Interea
518 2109 599 2150 hoc
618 2123 784 2165 quoque
806 2109 958 2150 accidit
988 2110 1298 2164 percommode,
1329 2116 1376 2151 ut
1409 2116 1450 2151 et
1471 2112 1625 2152 Gras-

156 2187 180 2227 b
196 2200 387 2242 ergeru
401 2202 418 2228 s
449 2201 484 2229 a.
516 2187 811 2230 MDCCCLX.
831 2201 955 2227 usum
975 2187 1215 2227 Plinianum
1236 2202 1400 2229 summa
1418 2188 1629 2230 industria

155 2265 365 2306 illustrare
398 2265 701 2320 aggrederetur
732 2271 773 2307 et
798 2264 1176 2318 Detlefsenius
1207 2281 1245 2307 v.
1285 2266 1320 2306 d.
1366 2267 1409 2307 in
1441 2267 1627 2322 eleganti

158 2356 282 2398 quam
314 2357 459 2384 museo
490 2335 698 2385 Rhenano
729 2358 754 2384 a
784 2342 1075 2385 MDCOCLX.
1113 2344 1288 2384 inseruit
1328 2344 1626 2387 dissertatione

158 2420 209 2461 de
241 2421 432 2461 codicum
463 2435 589 2462 manu
622 2422 871 2476 scriptorum
912 2422 1163 2464 auctoritate
1202 2428 1398 2464 accurate
1438 2429 1480 2465 et
1510 2425 1625 2465 lucu-

154 2498 290 2539 lenter
318 2498 565 2553 disputaret,
596 2500 805 2540 Felsius
836 2500 878 2540 in
909 2500 1266 2541 commentatione
1291 2501 1626 2543 laboriosissima

155 2590 192 2617 a.
224 2575 537 2618 MDCCCLXI.
579 2577 630 2618 de
672 2578 864 2619 codicum
912 2577 1032 2630 fatis,
1077 2578 1160 2619 fide
1198 2584 1324 2634 atque
1373 2580 1623 2622 auctoritate

157 2654 347 2695 sollerter
379 2660 420 2695 et
462 2655 685 2709 diligenter
724 2661 889 2710 ageret,
933 2669 1037 2710 quos
1077 2657 1316 2711 nuperrime
1355 2658 1489 2698 secuti
1529 2663 1626 2699 sunt

157 2731 442 2773 Michelius
474 2733 515 2773 in
548 2733 673 2774 docta
702 2733 999 2774 dissertatione
1031 2733 1082 2774 de
1116 2734 1262 2775 codice
1286 2734 1625 2791 Luciliburgensi

156 2810 311 2862 scripta
360 2824 486 2865 quam
524 2812 566 2851 in
605 2811 942 2866 ephemeridibus
989 2826 1014 2852 a
1053 2825 1118 2852 me
1165 2812 1288 2854 editis
1332 2812 1442 2869 (Eos
1473 2813 1526 2856 Π.
1571 2815 1620 2866 3)

1258 2894 1269 2931 l
1292 2894 1311 2914 ἦε
