1914 3237
658 244 665 249 ·
717 186 839 225 liber
866 184 985 225 XIX.
1527 180 1580 224 75

121 327 165 354 re
198 302 328 355 dubia
355 314 482 355 fidem
510 312 751 354 habendam
782 325 877 353 esse
907 312 1308 364 demonstravimus,
1338 323 1474 365 neque
1507 308 1580 350 du-

121 391 348 433 bitabimus
380 392 479 446 quin
509 391 545 445 §.
575 390 629 433 50
646 403 698 430 ex
737 393 851 430 horto
889 393 1038 430 remisit
1083 393 1125 429 et
1165 392 1344 429 saturica
1375 388 1579 442 legamus.

122 470 158 523 ξ.
189 470 242 512 52
270 469 491 509 Pintianus
530 471 644 508 recte
685 467 876 507 voculam
932 479 981 506 ne
1025 470 1123 507 ante
1164 469 1353 516 fabuloso
1394 464 1582 507 inseruit.

122 548 158 600 ξ.
188 546 253 589 53.
285 545 412 587 Ianus
444 545 550 586 bene
581 547 748 585 medulla
778 544 958 598 scripsit.

710 681 770 726 55
795 692 849 712 =
869 679 994 735 4‚19.
1614 678 1695 725 392

186 763 418 814 Servatur
453 763 594 829 algor
628 764 845 813 aestibus
884 763 1290 828 excogitaturque
1328 766 1379 810 ut
1415 759 1584 809 alienis

186 852 436 901 mensibus
471 853 553 900 nix
589 852 764 916 algeat.

210 939 407 980 Ferenda
440 939 650 981 videretur
680 939 859 981 molesta
889 938 1079 980 eiusdem
1110 939 1198 979 fere
1226 938 1344 979 vocis
1377 935 1586 991 repetitio,

121 1016 156 1057 si
192 1016 234 1056 in
273 1017 487 1058 codicibus
525 1017 790 1072 reperiretur.
851 1016 989 1065 Quum
1035 1030 1135 1058 vero
1181 1029 1205 1056 a
1230 1019 1353 1068 leym,
1392 1028 1413 1056 c
1456 1018 1587 1064 liyura

122 1094 148 1135 d
177 1098 307 1144 liqora
339 1094 586 1141 exhibeant,
631 1095 872 1136 necessario
908 1094 1176 1136 scribendum
1211 1098 1297 1135 est:

175 1168 357 1213 servatur
387 1176 422 1212 le·
432 1185 555 1223 quor
585 1176 757 1213 aestibus
787 1172 860 1212 rel.

714 1293 995 1349 56:4,19.
1618 1294 1698 1339 393

187 1380 337 1430 Nemo
375 1394 543 1428 sacros
582 1380 957 1443 Aventinosque
989 1382 1180 1428 montes
1218 1382 1265 1427 et
1300 1378 1449 1425 iratae
1486 1374 1590 1441 ple-

190 1469 266 1519 bis
302 1482 532 1518 secessus
562 1467 986 1532 circumspexerit:
1025 1483 1138 1517 mox
1176 1466 1304 1516 enim
1342 1470 1472 1515 certe
1509 1479 1591 1514 ae-

189 1557 354 1621 quabit
391 1571 515 1620 quos
552 1555 761 1621 pecunia
798 1556 1113 1621 separaverit.
1182 1554 1363 1618 Itaque,
1402 1552 1590 1602 Hercu-

188 1644 285 1703 les,
339 1643 522 1693 nullum
559 1643 749 1693 macelli
800 1643 1015 1709 vectigal
1058 1644 1213 1693 maius
1263 1642 1351 1691 fuit
1403 1641 1589 1691 Romae

191 1731 403 1782 clamore
438 1731 596 1796 plebis
633 1732 899 1781 incusantis
951 1731 1081 1796 apud
1119 1746 1290 1781 omnes
1328 1729 1589 1795 principeS‚

191 1821 351 1870 donec
387 1820 641 1869 remissurn
679 1824 752 1869 est
787 1820 1054 1884 portorium
1078 1819 1254 1868 mercis
1277 1817 1421 1867 huius
1459 1832 1592 1866 com-

194 1912 480 1973 pertumque
518 1923 613 1958 non
652 1907 789 1957 aliter
818 1908 1163 1972 quaestuosius
1186 1922 1388 1956 censum
1422 1904 1591 1954 haberi

191 2000 272 2044 aut
305 1995 453 2045 tutius
490 2011 547 2045 ac
583 1996 767 2046 minore
804 1996 1027 2046 fortunae
1065 1996 1182 2054 iure,
1222 2010 1331 2044 cum
1366 1994 1592 2043 credatur

191 2082 361 2148 pensio
386 2123 392 2128 .
417 2099 474 2132 ea
519 2099 812 2149 pauperum3
864 2085 905 2133 is
941 2084 988 2132 in
1024 2083 1132 2133 solo
1186 2097 1398 2148 sponsor
1435 2086 1509 2131 est
1545 2084 1593 2130 et

191 2171 281 2220 sub
319 2171 399 2221 dio
438 2172 622 2220 reditus
668 2172 1054 2236 superficiesque
1105 2170 1242 2221 caelo
1280 2183 1593 2234 quocumque

191 2258 430 2322 gaudeus.

238 2344 324 2386 sill.
356 2345 463 2386 bene
507 2345 559 2387 de
589 2346 680 2387 loco
713 2345 956 2387 difficillimo
1002 2346 1176 2399 meruit,
1225 2360 1320 2387 cum
1351 2350 1594 2401 corruptum

127 2435 221 2463 esse
255 2422 564 2464 demonstraret
594 2436 729 2478 eaque
751 2425 880 2465 verba
897 2438 1005 2479 quae
1025 2424 1321 2466 emendatione
1339 2423 1593 2478 indigerent,

128 2499 391 2555 designaret3
451 2513 550 2541 nam
605 2500 735 2542 Ianus
795 2502 865 2556 qui
922 2502 1040 2543 verbi
1107 2506 1298 2553 aequabit
1355 2502 1594 2544 subiectum

127 2576 240 2632 quod
269 2577 312 2617 in
342 2589 470 2617 sensu
507 2578 699 2633 proximo
731 2579 946 2634 superiore
976 2579 1129 2634 legitur
1169 2583 1294 2620 herba
1323 2593 1418 2621 esse
1447 2579 1593 2632 voluit,

127 2654 227 2709 quid
265 2654 439 2695 tandem
471 2654 628 2696 dixisse
672 2656 710 2697 ei
740 2655 954 2697 videretur
983 2657 1164 2710 Plinius,
1225 2670 1310 2698 non
1350 2657 1592 2699 declaravit.

128 2731 178 2772 Id
208 2745 375 2787 quoque
405 2733 622 2787 praeclare
654 2747 678 2773 a
709 2734 795 2775 Sill.
827 2733 985 2775 factum
1019 2738 1083 2775 est
1127 2734 1239 2789 quod
1270 2739 1368 2776 ante
1405 2748 1491 2776 cum
1521 2748 1592 2776 vo-

128 2809 265 2850 culam
294 2824 412 2862 quam
443 2810 651 2852 excidisse
682 2810 795 2852 vidit
859 2811 1014 2853 Cetera
1043 2825 1151 2867 quae
1180 2812 1379 2866 tentavit,
1429 2813 1539 2854 bene
1568 2826 1594 2855 a
