1914 3237
200 1839 279 1881 188

290 115 368 156 150
814 110 945 151 Liber
977 110 1119 152 VIII.
1150 110 1259 151 XI.»

286 250 414 292 quum
447 236 620 277 tandem
642 234 878 291 aliquando
905 235 1106 288 saginam
1133 233 1339 274 satiatum
1368 233 1599 283 renuebat,
1629 244 1758 273 neca·

286 317 430 356 batur.
492 313 529 369 §.
554 314 646 357 171.
689 314 840 357 Verba
877 313 994 355 lenta
1025 313 1169 354 οηιηία
1199 327 1288 353 esse
1315 311 1470 352 vetulis
1505 319 1626 353 recte
1658 312 1762 352 Pin-

287 395 433 435 tianus
454 394 628 436 videtur
653 395 852 437 eiecisse.
895 392 1043 450 §.173
1066 393 1201 434 verba
1231 391 1276 431 id
1307 397 1368 432 est
1387 404 1571 446 parvum
1598 388 1763 428 nudum

289 485 313 513 e
342 472 440 514 loco
468 473 721 516 Aristotelis
751 475 820 516 De
844 481 1044 530 generat.
1066 473 1194 514 anim.
1218 473 1270 516 11.
1288 471 1415 513 8.fi11.
1448 469 1570 512 τοῦτό
1595 469 1627 512 δ’
1651 470 1765 511 ἐστιν

288 551 460 606 ἡμίονος
487 552 703 608 ἀνάπηρος
733 552 846 594 male
877 551 1093 592 translata
1123 551 1337 592 immerito
1365 549 1636 592 sollicitavit.
1678 547 1766 588 Ac-

292 631 396 672 cidit
417 632 530 673 enim
556 631 691 673 Plinio
716 645 937 686 persaepe
957 638 1004 672 ut
1019 630 1274 672 Aristotelis
1299 630 1436 670 verba
1464 630 1604 670 minus
1631 641 1766 668 accu-

291 717 385 751 rate
416 710 457 750 in
480 724 604 751 usum
627 724 751 751 suum
777 716 1074 751 converteret.
1122 708 1190 749 De
1214 709 1371 762 quibus
1389 707 1638 748 festinantis
1659 707 1768 747 scri·

293 789 432 843 ptoris
464 789 688 830 erroribus
720 788 951 842 diligenter
973 787 1213 840 disputavit
1233 785 1503 837 Montignius
1534 784 1574 824 in
1607 785 1769 825 disser-

294 868 457 908 tatione
476 867 658 907 Bonnae
677 864 937 914 1844.edita,
969 876 1083 918 quae
1100 863 1355 904 inscribitur
1382 863 1710 912 „Quaestiones
1727 862 1769 902 in

296 945 341 986 (J.
363 945 485 985 Plinii
516 944 711 986 Secundi
742 943 952 984 naturalis
983 941 1194 982 historiae
1228 941 1281 981 de
1312 940 1572 982 animalibus
1601 940 1772 981 libros“

296 1040 339 1078 p.
362 1023 417 1064 50
442 1037 540 1078 sqq.
620 1023 660 1078 ᾗ.
694 1020 788 1065 182.
832 1028 954 1062 recte
997 1018 1130 1074 vulgo
1168 1020 1377 1074 graviore
1422 1019 1772 1074 interpunctione

296 1109 398 1156 post
427 1116 467 1143 v,
489 1101 676 1142 dictator
704 1100 974 1142 victimarum
1007 1099 1249 1154 descriptio
1276 1112 1302 1139 a
1322 1098 1522 1140 ludorum
1556 1098 1772 1152 exemplis

296 1187 545 1235 separatur.
617 1179 729 1219 Nam
758 1178 874 1233 quod
915 1179 951 1234 ξ.
981 1177 1070 1219 193.
1100 1184 1202 1231 post
1231 1191 1404 1232 coepere
1433 1192 1520 1218 non
1552 1179 1772 1229 interpun-

297 1261 435 1313 gitur,
473 1270 709 1312 operarum
746 1257 848 1297 vitio
888 1255 1161 1296 tribuendum
1202 1264 1285 1298 est.
1359 1256 1398 1311 ξ.
1422 1255 1520 1298 ⁶224.
1561 1255 1773 1295 immerito

299 1339 353 1380 de
381 1338 542 1379 lacuna
585 1336 792 1391 cogitavit
825 1334 1020 1389 Silligius
1053 1342 1294 1389 propterea
1333 1334 1451 1388 quod
1488 1347 1528 1374 v.
1565 1347 1695 1393 quam
1733 1332 1774 1372 in

298 1418 369 1458 Rd
401 1416 620 1459 omittitur.
689 1415 838 1468 Saepe
879 1414 990 1454 enim
1022 1412 1224 1466 singulae
1258 1412 1430 1452 litterae
1469 1411 1539 1451 vel
1573 1410 1776 1465 syllabae

300 1509 325 1536 a
356 1494 577 1536 nonnullis
610 1493 740 1534 codd.
764 1493 940 1543 absunt,
971 1505 1056 1545 quo
1083 1490 1285 1531 vitiorum
1316 1504 1482 1544 genere
1517 1490 1617 1532 cod.
1651 1501 1775 1542 prae-

300 1572 450 1616 sertim
479 1571 521 1612 R
552 1570 737 1612 laborat.

885 1715 1080 1771 LIBER
1114 1714 1200 1770 IX.

859 1828 891 1876 4
915 1837 963 1876 et
982 1830 1011 1876 5
1035 1853 1080 1870 =
1104 1828 1150 1888 3,
1172 1828 1218 1874 2.

373 1932 475 1980 Sed
520 1931 567 1979 in
613 1930 731 1979 mari
779 1930 869 1992 (sc.
911 1929 1119 1993 Indico)
1171 1928 1362 1975 belluae
1402 1926 1534 1973 circa
1578 1926 1782 1973 solstitia

374 2022 583 2071 maxime
614 2022 852 2072 visuntur.
908 2021 1052 2067 Tunc
1084 2018 1181 2066 illic
1218 2024 1366 2065 ruunt
1399 2016 1636 2077 turbines,
1668 2025 1782 2065 tunc

372 2113 570 2173 imbres,
609 2118 724 2159 tunc
763 2109 985 2157 deiectae
1022 2108 1254 2156 montium
1287 2106 1414 2170 iugis
1448 2107 1693 2170 procellae
1726 2107 1784 2152 ab

376 2203 471 2251 imo
505 2208 700 2251 vertunt
724 2199 872 2248 maria
904 2199 1215 2263 pulsatasque
1244 2213 1307 2244 ex
1327 2195 1570 2259 profundo
1600 2196 1783 2243 belluas

378 2310 485 2340 cum
536 2290 764 2339 fluctibus
809 2289 1030 2348 volvunt,
1076 2294 1125 2334 et
1166 2285 1282 2333 alias
1323 2292 1455 2332 tanta
1491 2284 1785 2348 thynnorum

378 2381 685 2430 multitudine
729 2387 780 2427 ut
818 2378 975 2443 magni
1013 2376 1281 2426 Alexandri
1319 2375 1490 2424 classis
1531 2375 1658 2422 haud
1695 2374 1786 2422 alio

379 2471 522 2520 modo
556 2487 696 2535 quam
719 2468 931 2516 hostium
967 2467 1072 2515 acie
1111 2466 1251 2515 obvia
1288 2465 1584 2514 contrarium
1617 2480 1789 2528 agmen

379 2563 585 2609 adversa
621 2561 781 2608 sronte
819 2559 1085 2617 (lirexerit3
1136 2558 1274 2606 aliter
1316 2556 1500 2621 sparsis
1541 2573 1634 2603 non
1685 2562 1790 2602 erat

381 2652 609 2699 evadere.
667 2650 777 2697 Non
808 2665 946 2709 voce,
975 2664 1070 2695 non
1105 2647 1283 2708 sonitu,
1314 2664 1408 2694 non
1445 2646 1543 2693 ictu
1580 2645 1668 2692 sed
1699 2645 1791 2692 fra-

377 2758 497 2806 gore
535 2748 790 2788 terrentur
833 2756 924 2787 nce
955 2739 1046 2786 nisi
1078 2738 1216 2787 ruina
1246 2739 1514 2786 turbantur.
