1914 3237
653 162 786 203 Liber
811 161 912 203 III.
940 161 1028 203 IV.
1538 158 1593 200 43

122 288 254 330 modo
280 286 448 329 Plinius
479 289 904 326 commemoraverat
940 289 983 325 et
1014 283 1205 324 debebat
1234 293 1594 335 commemorare,

123 381 253 423 quum
276 378 428 407 omnes
447 364 570 405 sinus
590 361 804 403 Adriatici
825 360 958 401 maris
981 360 1024 401 in
1043 360 1128 401 fine
1148 361 1246 401 libri
1272 374 1532 402 enumerare
1552 362 1596 402 in

123 448 267 489 animo
294 445 491 486 haberet.
532 442 684 497 Itaque
712 440 926 495 reliquum
952 446 1021 481 est
1049 446 1094 480 ut
1121 438 1295 480 aliunde
1315 454 1475 481 nomen
1497 454 1597 495 pro-

121 524 263 579 prium
291 523 350 564 ad
377 522 561 564 verbum
590 519 827 576 appellatae
857 518 1142 573 applicemus.
1191 518 1240 558 Id
1272 531 1379 559 vero
1411 532 1499 559 non
1531 526 1599 561 est

121 599 293 655 longius
309 600 622 656 quaerendum.
647 599 830 641 Scilicet
846 597 1191 652 transpositione
1209 596 1514 638 emendandus
1531 604 1599 638 est

124 677 275 729 loeus,
306 691 434 733 quam
467 679 640 734 quidem
670 690 915 732 aggressus
945 676 1237 726 dubitaveris,
1268 682 1410 716 utrum
1444 688 1467 716 e
1498 689 1600 729 pro-

122 756 240 798 ximo
271 758 493 799 enuntiato
514 757 778 798 Liburnicas
808 769 865 797 an
896 755 1169 797 Celadussas
1191 753 1438 795 Crateasve
1466 767 1600 808 repe-

123 836 282 877 tendas
315 849 418 877 esse
451 843 638 879 statuas.
702 835 892 877 Crateae
918 848 1026 876 vero
1057 847 1197 888 prope
1228 833 1367 874 Issam
1399 833 1509 874 sitae
1538 834 1598 874 ni·

123 914 210 955 mio
234 914 464 956 intervallo
490 915 651 956 distant
676 928 702 955 a
722 915 868 967 Lissa,
893 914 995 955 item
1018 912 1310 962 Celadussae,
1345 913 1459 954 inter
1488 927 1600 968 quas

124 994 313 1034 maxima
342 1008 461 1036 nunc
488 993 737 1048 appellatur
752 992 944 1034 Melada.
981 990 1099 1032 Male
1128 992 1242 1032 enim
1262 992 1381 1046 apud
1400 991 1599 1046 Sprune-

124 1083 219 1110 rum
250 1085 391 1125 prope
412 1073 584 1115 Cissam
617 1073 911 1114 collocantur.
972 1070 1261 1112 Scribendum
1293 1077 1362 1113 est
1393 1071 1545 1125 igitur:

179 1171 234 1180 —
263 1155 304 1189 et
332 1165 443 1212 quae
476 1150 772 1207 appellatae
801 1149 1135 1190 Liburnicae.
1190 1147 1355 1189 Contra
1382 1149 1601 1192 Liburnos

182 1228 230 1283 (a
247 1237 373 1283 parte
387 1231 670 1285 Scardonae)
706 1228 893 1270 Crateae
923 1227 1086 1285 aliquot
1112 1241 1191 1269 nec
1217 1229 1444 1284 pauciores
1475 1227 1600 1271 Gela-

180 1306 353 1353 dussae.

237 1387 312 1429 Sic
331 1388 459 1430 etiam
476 1387 690 1429 Harduini
710 1387 967 1428 coniectura
990 1400 1079 1427 non
1098 1399 1212 1441 opus
1244 1387 1340 1440 erit,
1371 1387 1443 1441 qui
1469 1400 1599 1442 quum

124 1465 357 1508 Strabonis
372 1466 519 1508 locum
534 1467 626 1508 Vll.
645 1465 790 1521 p.315.
812 1465 886 1507 vix
919 1478 1016 1506 cum
1047 1473 1202 1507 nostro
1235 1466 1600 1519 quemadmodum

123 1544 256 1600 vulgo
299 1544 529 1602 legebatur
573 1545 800 1586 conciliari
850 1551 973 1586 recte
1018 1544 1419 1598 animadverteret,
1465 1545 1601 1586 scribi

123 1624 327 1666 voluerat
378 1638 458 1664 nec
495 1624 722 1680 pauciores
765 1623 848 1663 XL
885 1622 1163 1664 Liburnicae.
1253 1621 1599 1667 Celadussarum

126 1702 240 1744 enim
267 1716 476 1745 numerus
508 1710 552 1745 et
581 1702 840 1745 Cratearum
872 1701 968 1743 fere
999 1701 1114 1742 idem
1142 1700 1275 1743 facile
1305 1701 1399 1746 suit.

707 1845 903 1902 unna
931 1845 1014 1902 w.
1358 1893 1379 1915 ,

748 1959 780 2009 8
796 1981 849 2004 =
870 1959 916 2021 3,
934 1959 982 2007 4.

192 2061 328 2110 Fons
373 2062 640 2123 CastaliuS‚
683 2061 836 2109 amnis
871 2059 1115 2126 Cephisus
1160 2062 1443 2125 praefluens
1483 2062 1600 2111 Del-

192 2153 333 2218 phos,
353 2161 489 2202 ortus
516 2152 566 2201 in
591 2151 764 2201 Lilaea
798 2154 944 2200 urbe
979 2151 1290 2215 quondam.
1328 2154 1601 2202 Praeterea

192 2244 425 2310 oppidum
462 2243 604 2292 Crisa
641 2249 690 2290 et
721 2259 830 2290 cum
867 2241 1168 2290 Bulensibus
1208 2243 1445 2308 Anticyra
1483 2250 1564 2292 rel.

235 2344 301 2386 Ita
330 2344 526 2400 Silligius
559 2357 583 2385 e
611 2342 740 2384 codd.
769 2341 896 2385 ARtl.
937 2342 1086 2385 Antea
1116 2342 1351 2396 legebatur
1381 2344 1600 2406 quondam

127 2420 245 2463 urbe.
286 2422 454 2464 Verum
476 2422 629 2465 Lilaea
661 2422 766 2463 urbs
796 2428 943 2463 aetate
969 2420 1091 2463 Plinii
1116 2423 1291 2464 minime
1321 2421 1401 2463 fuit
1431 2424 1599 2465 excisa.

127 2498 504 2542 Commemoratur
534 2516 621 2542 non
653 2502 783 2542 modo
811 2515 838 2541 a
867 2501 1089 2543 Strabone
1118 2501 1191 2544 IX.
1213 2517 1254 2556 p.
1269 2501 1368 2547 407.
1383 2509 1424 2543 et
1446 2502 1599 2556 p.424.

127 2587 172 2622 et
185 2579 600 2631 PausaniaX.‘-’3.2‚
631 2580 712 2622 sed
741 2580 795 2621 ab
827 2579 924 2634 ipso
954 2587 1137 2621 auctore
1160 2579 1401 2636 infra§.27.
1435 2579 1602 2623 Contra

127 2658 300 2701 Crisam
330 2674 386 2702 ex
401 2659 775 2715 Amphictyonum
804 2659 982 2701 decreto
1016 2661 1205 2703 deletam
1236 2660 1379 2702 fuisse
1410 2666 1600 2710 constat,

129 2736 185 2778 cf.
202 2737 365 2779 Strabo
381 2738 457 2780 IX.
476 2737 634 2794 p.418.
685 2738 889 2793 Apparet
923 2738 1052 2794 igitur
1078 2740 1170 2781 h.1.
1202 2741 1262 2781 ita
1291 2739 1601 2794 interpungen-

131 2812 232 2854 dum
262 2828 391 2858 esse:

1623 1970 1676 2011 61
