1914 3237
737 210 851 248 Liber
882 209 1001 247 XIX.
1549 204 1601 246 85

137 340 189 380 ab
219 338 323 379 Iano
368 342 485 379 recte
526 338 792 392 expungitur.
854 336 1050 377 Ceterum
1082 337 1124 376 in
1155 336 1237 376 fine
1269 337 1303 389 ξ
1345 334 1418 377 142
1475 333 1603 374 Ianus

137 417 351 473 egregiam
399 415 483 456 Sill.
538 415 820 455 coniecturam
868 417 1147 454 excedentibus
1197 414 1348 454 merito
1397 404 1602 467 probavit.

138 497 174 550 ξ.
211 496 280 538 151
318 492 500 549 ὅρμινον
530 506 613 532 non
645 491 826 548 ὅρμινοι]
862 491 1128 533 scribendum
1161 498 1237 531 est.
1299 492 1332 544 ξ.
1369 490 1445 532 153
1475 490 1603 530 Ianus

138 571 388 614 emendavit.

378 668 468 712 156
508 678 550 696 Σὲ
591 667 717 722 8,45.
774 664 862 723 (de
901 668 1005 711 ruta
1043 677 1202 710 serino
1242 665 1342 719 est)

203 752 480 802 Auctoritas
518 753 560 801 ei
614 755 693 822 [et]
756 751 1014 817 peculiaris
1052 750 1181 815 apud
1233 749 1459 813 antiquos
1498 750 1604 813 fuit3

202 840 400 890 invenio
438 839 647 889 mulsum
685 845 889 889 rutatum
938 838 1120 904 populo
1161 838 1322 886 datum
1360 854 1387 886 a
1424 837 1604 888 Corne-

202 928 265 979 lio
287 928 508 993 Cethego
535 929 581 976 in
610 928 1091 991 consulat11[collega
1116 925 1295 987 Quintii
1319 925 1603 983 Flaminini],

204 1017 410 1067 comitiis
446 1016 669 1081 peractis.

247 1105 326 1146 Sic.
361 1104 446 1146 Sill.
488 1105 704 1159 vulgatam
742 1104 963 1144 lectionem
1002 1109 1118 1144 eliam
1154 1127 1198 1132 -
1232 1109 1265 1143 ei
1301 1107 1380 1153 feci!
1420 1116 1442 1143 e
1482 1100 1603 1144 codd.

137 1182 388 1225 emendasse
420 1181 498 1223 sibi
528 1182 642 1222 visus
674 1188 749 1223 est.
810 1182 890 1229 Qui
929 1196 1057 1237 quum
1101 1188 1173 1223 aut
1205 1191 1241 1222 et
1287 1182 1370 1232 (ita
1401 1194 1425 1221 a
1448 1180 1498 1226 d)
1533 1184 1605 1220 aut

135 1270 172 1302 el
201 1269 237 1302 el
268 1265 333 1310 (ut
363 1268 403 1309 c)
436 1259 642 1312 habeant,
688 1260 755 1300 hic
796 1273 962 1315 quoque
992 1260 1160 1313 Apuleii
1200 1260 1334 1300 maior
1374 1258 1603 1299 auctoritas

135 1339 293 1380 valebit
325 1345 366 1380 et
403 1338 690 1393 dittographia
720 1343 862 1392 spreta
900 1347 1014 1379 recte
1047 1339 1272 1379 scribetur:
1313 1341 1347 1377 ei
1372 1339 1603 1387 peculiaris.

136 1417 339 1459 Graviore
376 1418 474 1458 vitio
511 1416 704 1471 proxima
747 1415 952 1456 laborant.
1013 1415 1191 1471 Cethegi
1239 1416 1349 1456 enim
1381 1429 1414 1455 a.
1446 1414 1604 1454 DLVII

135 1494 299 1549 collega
336 1508 419 1535 non
450 1495 497 1535 T.
529 1494 749 1542 Quinctius
780 1495 1040 1535 Flamininus
1075 1494 1152 1535 fuit
1184 1495 1282 1535 anni
1327 1492 1506 1548 proximi
1535 1505 1603 1532 su-

132 1573 310 1627 perioris
343 1573 642 1627 magistratus,
673 1572 748 1612 sed
766 1572 814 1619 Q.
835 1573 1043 1614 Minucius
1075 1573 1224 1613 Rufus.
1255 1572 1373 1613 Idem
1406 1572 1534 1626 igitur
1563 1570 1603 1611 h.

137 1650 161 1690 l.
195 1651 367 1704 accidit,
410 1650 521 1706 quod
552 1651 635 1690 iam
666 1663 704 1691 n.
734 1650 800 1702 36,
831 1650 896 1702 58,
931 1650 1009 1694 160
1039 1650 1195 1692 factum
1228 1664 1321 1691 esse
1351 1649 1605 1699 monuimus,

139 1733 184 1768 ut
213 1742 319 1768 unus
351 1730 496 1770 consul
527 1742 550 1769 a
582 1729 784 1783 scriptore
814 1729 1122 1781 nominaretur,
1155 1729 1260 1770 alter
1295 1728 1346 1769 ab
1378 1726 1605 1782 interpola-

139 1812 229 1847 tore
273 1805 523 1859 adderetur,
566 1807 635 1861 qui
677 1807 717 1846 in
763 1806 833 1846 illo
880 1819 1035 1860 genere
1076 1820 1159 1847 non
1204 1807 1315 1850 satis
1351 1811 1520 1846 cautum
1560 1818 1606 1845 se

137 1888 386 1938 praestaret.

694 1996 783 2043 157
820 2010 873 2029 =
909 1997 1036 2052 [245.

1634 675 1712 716 411

1635 2013 1717 2055 412

205 2080 390 2131 Seritur
425 2082 636 2140 surcuIO,
680 2111 735 2117 ——
773 2110 833 2116 -
873 2110 928 2117 —
968 2082 1083 2131 serit
1121 2087 1167 2131 et
1203 2099 1255 2131 se
1292 2082 1419 2147 ipsa:
1444 2111 1502 2117 -—
1543 2109 1606 2118 --
1662 2148 1666 2151 ἢ

205 2169 388 2219 Eadem
444 2177 490 2218 et
547 2171 705 2220 ocimo
764 2175 957 2228 natura,
1014 2171 1101 2219 nisi
1161 2171 1293 2234 quod
1360 2170 1605 2219 difficilius

201 2259 404 2317 arescit3
441 2258 527 2306 sed
569 2258 735 2306 durata
775 2264 1001 2306 mne-atur
1028 2273 1124 2307 non
1162 2259 1268 2306 sine
1305 2258 1605 2317 difficultate,

208 2345 452 2409 pruritivis
493 2344 737 2395 ulceribus
775 2375 834 2384 -
886 2376 916 2379 --
970 2375 1030 2381 -

222 2432 313 2473 Nisi
330 2433 413 2473 loci
430 2433 712 2488 Theophrasti
727 2433 821 2474 VII.
841 2433 878 2475 2.
912 2435 933 2475 1
967 2438 1008 2474 et
1039 2433 1300 2474 Columellae
1317 2434 1393 2475 XI.
1425 2436 1507 2489 31).
1526 2435 1607 2478 457

138 2523 243 2565 quos
276 2510 436 2552 Plinius
476 2511 539 2551 his
570 2511 709 2552 verbis
748 2511 951 2563 reddidit,
992 2512 1221 2553 etiamnum
1263 2517 1498 2564 exstarent,
1536 2512 1606 2552 vix

137 2598 238 2642 puto
259 2602 336 2629 nos
355 2589 613 2644 corrigendis
635 2603 758 2644 pares
777 2590 940 2630 futuros
960 2590 1108 2631 fuisse:
1140 2605 1251 2631 nunc
1275 2590 1359 2631 Sill.
1393 2594 1434 2630 et
1457 2592 1605 2631 Ianum

139 2679 191 2706 ne
222 2679 244 2706 e
275 2667 447 2722 vulgata
465 2666 634 2721 quidem
665 2680 715 2707 ea
744 2668 968 2708 retinuisse
995 2669 1144 2719 miror,
1176 2682 1283 2723 quae
1315 2682 1409 2709 cum
1441 2670 1604 2709 Graeco

139 2748 309 2784 auctore
348 2746 520 2799 egregie
559 2746 839 2786 consentiunt.
897 2746 952 2787 Et
990 2746 1032 2786 in
1070 2747 1187 2787 initio
1220 2747 1387 2801 quidem
1428 2755 1463 2787 et
1494 2748 1605 2801 quod

139 2827 234 2876 post
264 2836 298 2864 v,
321 2828 480 2864 surculo
511 2837 618 2864 unus
649 2823 673 2864 d
699 2824 864 2876 omittit,
896 2829 1008 2865 recte
1040 2811 1224 2865 ab⁰1ano
1253 2825 1493 2866 restitutum
1527 2830 1605 2876 est,
