1914 3237
718 139 850 181 Liber
881 140 1012 181 VIII
1017 172 1026 182 .
1531 138 1611 181 149

134 262 243 302 baro
282 263 496 316 pendent,
536 262 668 304 veluti
696 263 927 304 Benedicti
963 262 1154 304 editione
1191 264 1422 317 reperitur.
1481 263 1608 310 Quae

133 346 278 381 autem
315 342 443 396 vulgo
479 342 684 395 leguntur
722 343 860 382 verba
901 355 981 381 nec
1018 343 1104 382 nisi
1139 343 1326 398 spatiosa
1367 342 1609 383 incubitant

132 418 315 461 laxitate
353 429 396 462 et
435 435 461 461 a
492 421 616 461 bonis
653 421 878 462 codicibus
909 420 1149 461 abhorrent
1190 427 1233 461 et
1273 421 1369 461 usui
1398 419 1606 475 loquendi

129 507 391 554 repugnant.
460 499 613 539 Verba
642 500 754 539 enirn
785 499 1035 548 „incubare
1049 502 1076 522 ‘⁶
1122 505 1165 538 et
1197 497 1469 538 rarissimum
1506 500 1605 549 „in—

130 578 364 618 cubitare“
392 577 451 617 ita
483 583 648 617 tantum
675 575 853 631 intelligi
886 584 1094 630 possent,
1138 583 1182 617 ut
1212 588 1350 630 supra
1380 575 1603 617 laxitatem

128 656 291 696 cubare
327 655 579 696 dicerentur
610 655 738 707 asini,
766 668 878 709 quae
910 661 1054 695 tamen
1085 669 1167 709 pro
1198 654 1316 696 lecto
1337 653 1432 695 sive
1463 661 1602 696 strato

124 736 196 776 vix
226 734 298 775 vel
330 735 385 775 ab
417 734 714 776 audacissimo
747 735 967 788 scriptore
1007 742 1311 788 usurparetur.
1388 734 1602 790 Silligium

124 821 270 855 autem
301 828 413 868 quae
441 815 483 855 in
513 821 765 855 contextum
795 815 1031 855 verborum
1051 814 1236 869 recepit,
1267 828 1349 867 pro
1368 815 1488 856 veris
1507 829 1603 870 ger-

125 893 353 947 manisque
388 891 512 932 Plinii
551 893 700 933 verbis
740 905 795 933 ne
831 892 973 946 ipsum
1006 893 1180 947 quidem
1210 892 1378 934 habere
1411 893 1601 944 confido,

123 986 252 1025 quum
291 971 407 1012 omni
446 984 580 1011 sensu
616 971 702 1011 sint
739 971 958 1012 destituta.
1031 971 1174 1018 Quum
1212 985 1320 1013 vero
1361 981 1402 1013 et
1443 973 1539 1019 cod.
1574 974 1598 1014 d

121 1048 352 1101 incubitat,
395 1056 437 1089 et
469 1049 675 1089 disertius
706 1049 836 1089 etiam
875 1049 916 1089 R
952 1049 1158 1091 exhibeat
1196 1049 1413 1101 incubita,
1452 1052 1598 1107 quidni

120 1142 205 1169 una
233 1128 424 1168 litterula
453 1134 619 1167 mutata
648 1127 894 1167 scribemus

405 1217 484 1244 nec
514 1204 601 1243 nisi
629 1204 816 1259 spatiosa
848 1205 892 1244 in
922 1203 1101 1244 cubitu
1130 1204 1312 1257 laxitas,

119 1285 204 1325 hoc
221 1298 378 1326 sensu:
409 1283 578 1336 „asinis
605 1297 734 1337 quum
755 1284 974 1325 dormiunt
1005 1293 1177 1325 vastum
1211 1292 1376 1327 tantum
1408 1287 1596 1341 spatium

119 1373 186 1405 cst
217 1366 241 1405 i.
263 1378 299 1406 e.
328 1364 437 1405 satis
468 1370 555 1416 est,
595 1361 806 1404 sufficit.“
883 1363 1132 1405 Locutione
1173 1371 1317 1405 autem
1359 1367 1595 1420 „spatiosa

117 1443 307 1484 laxitas“
332 1444 512 1497 saepius
543 1441 675 1482 utitur
706 1440 886 1492 Plinius,
921 1441 1053 1483 veluti
1072 1443 1121 1483 ΙΙ.
1141 1441 1236 1494 218,
1258 1443 1330 1485 XI.
1355 1443 1451 1487 109.

666 1554 931 1615 209251‚
951 1555 1031 1602 77.

183 1643 458 1692 Adhibetur
505 1651 553 1692 et
589 1660 667 1691 ars
704 1643 857 1692 iecori
893 1644 1181 1692 feminarum
1228 1646 1425 1711 (secum)
1464 1645 1592 1694 sicut

184 1751 426 1795 anserum,
462 1735 711 1784 inventum
748 1735 817 1783 Μ.
849 1735 1010 1800 Apici,
1048 1736 1145 1783 fico
1183 1736 1318 1783 arida
1360 1736 1589 1802 saginatis

184 1842 249 1873 ac
286 1826 466 1886 satie,
504 1824 689 1872 necatis
725 1831 931 1889 repente
970 1824 1111 1873 mulsi
1148 1832 1269 1890 potu
1301 1826 1430 1875 dato.

228 1915 263 1955 E
298 1915 431 1955 variis
478 1927 590 1968 quae
637 1914 693 1954 ad
740 1913 858 1955 hunc
902 1914 1046 1955 locum
1094 1915 1296 1969 prolatae
1337 1924 1438 1957 sunt
1480 1931 1588 1958 con-

116 1993 293 2034 iecturis
335 2007 419 2034 una
458 1992 645 2033 Barbari
698 1992 825 2045 (narn
868 1992 1127 2033 coniectura
1173 2008 1279 2035 usus
1326 2009 1428 2036 esse
1465 1996 1587 2038 vide-

114 2079 206 2123 tur,
239 2087 367 2127 quum
398 2072 596 2112 satietate
624 2072 798 2126 quidem
832 2073 961 2113 etiam
990 2073 1031 2113 in
1051 2072 1117 2113 Td
1147 2072 1338 2128 legatur,
1368 2074 1448 2115 sed
1482 2089 1508 2113 a
1542 2075 1584 2116 in

112 2150 153 2190 K
184 2158 370 2202 tantum,
411 2152 453 2192 id
492 2159 559 2192 est
595 2151 637 2191 in
677 2150 840 2193 Vetere
880 2151 1175 2206 Dalecampii,
1227 2167 1312 2208 qua
1347 2154 1446 2208 ipsa
1485 2155 1524 2196 h.
1558 2154 1583 2195 l.

113 2228 296 2269 Barbari
327 2229 458 2270 lectio
492 2229 786 2283 significatur)
824 2244 849 2268 a
877 2230 1077 2270 satietate
1105 2231 1148 2271 id
1179 2240 1247 2273 est
1284 2241 1423 2288 „post
1453 2235 1584 2275 satie·

113 2310 276 2347 tatem“
307 2307 549 2360 probabilis
576 2308 844 2362 appellanda
877 2318 958 2350 est.
1000 2309 1216 2364 Displicet
1246 2319 1390 2354 tamen
1422 2313 1583 2355 violen-

111 2384 170 2425 tia
201 2391 464 2436 structurae,
494 2400 580 2440 qua
607 2400 694 2427 vox
726 2392 899 2441 repente
930 2387 1016 2428 alia
1046 2389 1278 2432 interiecta
1308 2393 1362 2433 ab
1388 2392 1582 2434 ablativo

113 2477 236 2517 casu,
269 2478 366 2504 cum
399 2477 484 2518 quo
517 2471 661 2505 tamen
692 2465 911 2506 artissime
944 2466 1181 2519 cohaeret,
1213 2470 1439 2515 dirimitur,
1499 2471 1582 2513 Fa-

109 2541 232 2584 cilius
265 2549 308 2583 et
339 2541 598 2596 elegantius,
631 2542 803 2596 opinor,
837 2543 1078 2586 scribatur:

696 2621 761 2661 acl
798 2623 994 2664 saliem.

170 2699 511 2742 voracissimum
543 2701 655 2742 enim
686 2701 845 2742 animal
873 2716 958 2743 non
988 2705 1029 2744 vi
1060 2706 1263 2758 quadam,
1294 2707 1422 2749 sicuti
1452 2722 1580 2750 anse-

113 2792 203 2829 res,
236 2779 291 2820 ad
319 2779 480 2821 fartilia
511 2781 814 2823 consumenda
846 2796 958 2837 opus
991 2792 1086 2825 erat
1122 2792 1168 2826 ut
1200 2786 1468 2841 adigeretur,
1500 2789 1580 2830 sed

1620 1569 1699 1611 187
