1914 3237
276 159 356 203 130
862 163 979 204 Liber
991 165 1159 204 XXIII.

341 304 570 353 asperare
609 295 654 338 et
690 292 882 353 tussim3
919 292 1061 342 bilem
1100 293 1287 358 pellunt
1323 295 1424 358 poti
1458 292 1544 343 rel.

385 380 441 420 At
470 379 570 434 quid
601 380 659 421 ait
691 381 876 423 Dioscor.
908 382 937 422 I.
969 381 1048 423 88?
1079 394 1230 436 nempe
1260 379 1500 438 ἁρμόζουσι
1528 383 1739 431 παλαιαῖς

270 458 391 511 βηξί;
430 457 573 512 itaque
611 459 763 512 copula
800 459 1059 513 transposita
1096 459 1362 500 scribendum
1401 464 1486 501 est:
1541 464 1675 500 tussim
1703 468 1739 500 et

272 536 381 575 bilem
408 539 557 586 pellunt
584 535 658 576 rel.

832 627 922 674 144
959 640 1008 662 =
1045 628 1172 682 8,75.

338 711 500 761 Nuces
538 716 672 777 ipsae
701 711 1019 776 (amygdalae
1041 716 1260 773 amarae)
1280 741 1403 748 —-
1448 713 1734 776 sanguinem

336 799 512 848 sistunt
550 816 658 849 cum
686 798 847 863 amylo
887 805 934 848 et
969 804 1146 858 menta,
1183 798 1465 863 lethargicis
1503 805 1550 848 et
1587 801 1736 850 comi-

338 885 532 936 tialibus
568 893 798 952 prosunt,
846 887 1003 952 capite
1040 892 1275 952 peruncto
1314 887 1621 952 epinyctidas
1658 903 1736 937 sa-

337 979 477 1033 nant,
532 991 558 1024 e
597 976 709 1025 vino
750 980 916 1024 vetera
952 975 1117 1024 ulcera
1154 975 1506 1040 putrescentia,
1562 991 1734 1025 canum

333 1077 525 1112 morsus
563 1079 670 1112 cun]
709 1063 854 1112 melle
900 1068 947 1113 et
982 1062 1191 1112 furfures
1226 1079 1287 1113 ex
1324 1063 1447 1114 facie
1484 1069 1595 1113 ante
1631 1064 1734 1114 fotu

332 1157 620 1215 praeparata
649 1151 734 1201 rel.

378 1240 504 1281 Plura
540 1241 582 1281 in
621 1239 703 1281 hoc
749 1239 887 1294 capite
937 1218 1091 1280 menda
1127 1239 1349 1280 Pintianus
1403 1238 1734 1294 deprehendisse

268 1316 348 1358 sibi
386 1317 500 1358 visus
542 1323 632 1371 est,
690 1318 749 1358 ita
786 1322 928 1358 tamen
967 1321 1013 1358 ut
1052 1316 1104 1357 de
1144 1317 1231 1358 suis
1272 1317 1361 1372 ipse
1401 1316 1735 1359 dubitationibus

162 656 242 699 507

268 1394 493 1436 dubitaret.
578 1396 620 1437 Is
680 1400 821 1437 autem
879 1409 1002 1451 quem
1071 1394 1372 1450 adscripsimus
1430 1395 1550 1437 locus
1608 1395 1735 1437 inter-

267 1474 494 1528 punctione
560 1480 748 1516 correcta
815 1488 908 1515 cum
963 1472 1213 1514 Dioscoride
1277 1472 1475 1515 facillime
1538 1475 1734 1516 concilia·

267 1551 389 1592 bitur.
446 1556 627 1608 βοηθεῖ,
678 1553 736 1593 ait
791 1553 822 1593 I.
868 1554 967 1605 176,
1000 1584 1007 1592 .
1041 1587 1048 1594 .
1082 1587 1088 1593 .
1147 1551 1257 1606 πρὸς
1317 1548 1597 1602 ἐπινυκτίδας
1656 1553 1735 1595 σὺν

267 1631 385 1687 οἴνῳ·
426 1632 536 1686 πρὸς
567 1632 615 1673 δὲ
648 1631 894 1686 σηπεδόνας
939 1633 1012 1672 καὶ
1042 1628 1230 1686 ἕρπητας
1260 1633 1332 1671 καὶ
1370 1630 1615 1686 κυνόδηκτα
1654 1631 1734 1673 σὺν

264 1711 415 1763 μέλιτι.
447 1709 575 1750 Haud
607 1709 734 1750 dubie
763 1710 891 1764 igitur
922 1708 1047 1749 scribi
1077 1712 1262 1764 oportet:
1294 1711 1342 1749 N.
1374 1711 1397 1748 τ’.
1430 1739 1438 1748 .
1470 1740 1480 1750 .
1509 1723 1542 1750 S.
1570 1723 1601 1750 S.
1632 1721 1665 1750 c.
1694 1723 1731 1750 α.

264 1800 295 1828 e.
326 1797 475 1841 menta,
505 1791 732 1838 lethali-ficis
763 1801 794 1829 e.
826 1801 858 1828 c.
886 1795 1058 1838 prosum
1087 1801 1119 1828 c.
1141 1794 1352 1839 pernicem,
1384 1790 1635 1838 epinyctidas
1666 1801 1731 1827 Sa-

263 1874 359 1906 nam
387 1880 408 1906 e
437 1870 528 1908 vino
566 1874 693 1907 vetere
725 1865 810 1916 (ita
839 1869 953 1906 recte
983 1866 1071 1906 Ian.
1104 1878 1158 1905 ex
1188 1864 1357 1920 optimis
1386 1863 1545 1919 libris),
1590 1880 1628 1907 v.
1655 1879 1729 1916 pu-

264 1948 489 1998 trescentia,
521 1958 661 1986 canum
692 1957 847 1984 morsus
876 1957 963 1984 cum
993 1947 1112 1992 melle,
1145 1950 1181 1982 et
1207 1945 1390 1991 furfures
1419 1942 1494 1984 rel.

847 2059 939 2105 150
958 2078 1016 2098 =
1035 2059 1163 2114 8,78.

265 2165 274 2172 -
328 2145 488 2195 Nuces
528 2144 782 2195 abellanae
822 2183 832 2193 .
855 2183 897 2193 ..
935 2144 1127 2208 corpori
1166 2148 1213 2193 et
1250 2142 1576 2208 pinguitudini
1613 2156 1727 2191 con-

330 2234 488 2283 ferunt
526 2233 635 2299 plus
673 2248 816 2298 quani
852 2233 912 2281 sit
951 2232 1051 2281 veri
1079 2230 1249 2280 simile.
1322 2230 1426 2280 Hae
1464 2235 1621 2280 tostae
1644 2229 1727 2278 rel.

325 2327 487 2373 corpore·
515 2331 551 2362 el
576 2324 846 2373 pitzyuilmliue’
876 2335 900 2361 a
924 2320 958 2361 Τ
990 2319 1037 2372 d,
1069 2324 1232 2372 corpori
1259 2327 1297 2360 et
1325 2323 1363 2360 in
1389 2322 1660 2371 pinynitude'ni
1690 2317 1728 2357 V

261 2400 285 2441 i.
318 2414 353 2441 e.
385 2405 548 2452 corpori
577 2409 613 2440 el
643 2405 681 2440 in
706 2403 1032 2450 pinym'tmlinem,
1069 2398 1179 2453 quod
1211 2398 1291 2438 iam
1317 2397 1529 2438 Gronovio
1560 2395 1726 2437 videtur

154 2087 236 2132 508

261 2478 471 2532 placuisse
513 2478 633 2532 (nam
665 2483 803 2518 utrum
833 2485 870 2517 el
900 2476 1039 2517 deleat
1070 2490 1122 2517 an
1154 2477 1336 2516 retineat
1365 2489 1388 2516 e
1419 2473 1557 2516 verbis
1590 2473 1721 2528 ipsius

259 2569 342 2595 non
373 2560 579 2601 constat).
624 2555 731 2596 Tum
761 2562 850 2595 sunl
876 2558 1078 2595 verisimile
1109 2562 1165 2594 es!
1194 2562 1250 2594 est
1287 2561 1400 2594 ortae
1418 2552 1476 2604 V,
1509 2554 1725 2592 verisimile.

265 2636 406 2673 Toseae
436 2647 472 2685 a,
502 2638 553 2673 sit
583 2638 800 2673 verisimile.
833 2635 920 2672 Hae
954 2635 1079 2683 (haec
1105 2631 1152 2681 d)
1189 2640 1317 2672 tostae
1345 2630 1434 2681 Τὰ,
1462 2628 1572 2669 unde
1603 2627 1723 2669 codd.

257 2725 282 2752 a
307 2716 347 2751 et
377 2711 414 2750 V
445 2713 552 2752 inter
592 2724 636 2751 se
667 2711 920 2764 comparatis
950 2710 1151 2750 efficitur:
1201 2713 1292 2760 plus
1329 2722 1446 2758 qnam
1480 2710 1562 2746 reri
1599 2709 1725 2745 simile

257 2799 323 2830 ρει.
364 2792 503 2830 Toslae
533 2790 603 2829 rel.
634 2813 687 2817 ——
718 2789 852 2842 §.153
883 2801 977 2828 cum
1009 2801 1033 2828 a
1058 2787 1093 2827 V
1126 2800 1202 2829 scr.
1229 2793 1342 2838 polu,
1373 2785 1410 2838 ἓ.
1436 2784 1514 2828 159
1545 2785 1723 2826 alterum
