1914 3237
793 221 910 259 Liber
939 221 1034 259 XX.
1590 213 1645 258 99

183 357 247 394 cst
277 351 398 393 codd.
439 365 464 392 a
485 350 510 391 d
541 350 662 390 lectio
696 352 737 389 et
768 347 820 387 ad
863 340 1058 401 nepetam
1107 351 1148 387 et
1178 347 1231 388 ad
1273 346 1458 401 puleium
1500 344 1647 386 referri

184 430 373 481 videtur,
419 428 470 468 cf.
511 427 654 467 Diosc.
685 424 761 465 III.
791 424 846 467 30
875 429 916 464 et
945 425 1018 477 373
1064 424 1206 479 itaque
1251 424 1352 464 nihil
1398 422 1646 464 mutandum

186 513 261 548 est.
322 506 518 546 Ceterum
550 503 656 543 haec
688 507 729 542 et
775 501 926 542 similia
970 501 1100 542 taedii
1144 501 1269 555 plena
1312 501 1347 541 si
1394 500 1648 556 quandoque

185 583 593 639 praetermittentur,
626 593 708 620 non
740 585 825 621 tam
856 579 1142 635 negligentiae
1175 578 1342 618 cuidam
1372 591 1493 619 meae
1522 578 1649 619 tribui

186 674 311 716 quam
329 660 468 700 futuro
495 658 645 700 editori
662 657 840 713 relinqui
863 658 1000 699 velim.
1033 658 1068 711 ξ.
1089 655 1169 699 169
1200 656 1395 698 Pintiano
1427 656 1648 697 assentior.

747 771 838 817 177
855 783 910 803 =
934 770 1087 826 17‚69.
1677 774 1760 817 440

251 856 493 923 Optimum
536 854 868 916 (Heraclium)
907 855 1172 914 Creticum3
1209 868 1319 902 nam
1356 857 1404 902 et
1438 852 1652 903 iucunde

253 945 381 1006 olet3
418 944 691 1010 proximum
729 942 1053 1007 Zmyrnaeum
1092 942 1291 991 odorius
1328 946 1420 991 etc.

295 1033 433 1080 Quum
492 1032 622 1073 odore
680 1031 893 1072 Creticum
950 1035 1167 1086 praestare
1226 1030 1416 1082 dicatur,
1475 1028 1652 1069 alterum

188 1125 270 1152 non
304 1114 468 1151 odorz‘us
509 1109 584 1150 sed
617 1113 839 1150 fnodorz'us
876 1122 970 1149 esse
1017 1109 1218 1163 sequitur,
1268 1107 1462 1149 vocabuli
1511 1111 1654 1147 autem

187 1189 351 1230 initium
382 1188 463 1228 fine
493 1187 674 1243 proximi
704 1187 990 1228 oblitteratum
1023 1191 1098 1227 est.
1157 1185 1262 1226 Inde
1294 1199 1319 1225 a
1338 1185 1374 1239 ἓ.
1401 1184 1481 1227 186
1500 1196 1654 1238 magno

187 1267 343 1308 auxilio
376 1266 467 1308 cod.
499 1265 734 1308 Vossianus
763 1267 853 1318 erit,
885 1279 966 1319 quo
999 1264 1236 1305 Gronovius
1267 1264 1424 1318 optime
1453 1275 1555 1302 usus
1577 1264 1654 1302 est.

188 1346 225 1399 ἓ.
258 1345 336 1387 193
367 1358 451 1385 non
475 1347 682 1396 prenderit
727 1342 802 1383 sed
831 1348 1067 1397 temporum
1101 1342 1389 1383 consecutioni
1420 1352 1655 1382 accommo-

186 1422 310 1464 datus
335 1425 550 1474 prenderet
578 1421 805 1477 legendum
835 1435 928 1462 esse
960 1421 1148 1462 arbitror.

745 1536 907 1583 207=
937 1535 1092 1590 19‚72.
1680 1517 1759 1558 441

255 1620 477 1668 Alterum
535 1622 848 1685 (papaveris)
901 1637 926 1671 e
962 1618 1270 1670 silvestribus
1319 1607 1479 1681 genus
1515 1615 1657 1665 hera-

251 1708 378 1757 clion
418 1713 647 1767 vocatur,
684 1710 743 1758 ab
782 1708 888 1757 aliis
923 1707 1138 1773 aplnon,
1194 1705 1353 1764 solim,
1408 1705 1449 1754 si
1485 1704 1656 1770 procul

256 1797 500 1855 intuearis
538 1798 789 1862 specimen
818 1812 1070 1862 passerum
1092 1794 1454 1861 praebentibus,
1491 1793 1657 1842 radice

257 1884 303 1932 iu
341 1901 527 1934 sumnia
562 1890 720 1934 terrae
758 1890 891 1944 cute,
937 1885 1122 1934 semine
1159 1898 1381 1949 spumeo.
1452 1882 1526 1932 Ex
1562 1883 1658 1933 hoe

258 1971 353 2021 liua
388 1972 704 2038 splendorem
741 1974 935 2023 trahunt
971 1977 1169 2023 aestate.
1206 1971 1443 2021 Tunditur
1478 1971 1523 2020 in
1562 1970 1659 2036 pila

256 2059 341 2109 rel.
1611 2052 1613 2057 ’

302 2147 642 2202 Theophrastum
672 2149 746 2190 IX.
782 2150 843 2192 12.
875 2150 900 2190 4
932 2154 973 2190 ot
1005 2147 1299 2189 Dioscoridem
1329 2146 1401 2189 lV.
1432 2147 1485 2191 67
1513 2150 1659 2200 3110ῐο-

192 2239 258 2265 res
291 2232 482 2266 secutum
526 2241 620 2267 esse
652 2228 834 2268 Plinium
881 2241 903 2267 e
933 2228 1034 2268 vitio
1067 2231 1243 2281 apparet
1282 2239 1364 2280 quo
1395 2225 1568 2266 herbam
1598 2225 1661 2266 la-

194 2304 355 2344 nariam
388 2302 628 2359 στροιῖθιον
666 2305 740 2355 (cf.
771 2304 890 2345 XIX.
922 2306 1000 2356 45>
1041 2318 1135 2345 cum
1176 2303 1420 2359 passeribus
1449 2306 1663 2357 permuta-

194 2381 272 2422 vit:
305 2382 465 2435 reliqua
496 2382 621 2435 igitur
642 2382 792 2423 iisdem
816 2383 946 2435 libris,
980 2395 1002 2421 e
1023 2382 1174 2437 quibus
1195 2386 1364 2436 sumpta
1381 2385 1491 2433 sunt,
1522 2393 1664 2421 emen-

199 2458 366 2502 dantur.
426 2459 479 2500 Et
518 2461 695 2514 primum
728 2461 897 2515 quidem
936 2475 1018 2501 non
1057 2464 1215 2512 aplzron
1256 2459 1330 2500 sed
1369 2463 1567 2512 aphrodes
1597 2473 1666 2514 ap-

194 2538 398 2592 pellatur,
439 2537 586 2578 ultima
618 2539 782 2593 syllaba
812 2541 1043 2594 scripturae
1075 2539 1191 2580 codd.
1225 2539 1262 2580 V
1283 2538 1309 2580 d
1347 2542 1475 2590 aphro
1508 2537 1665 2579 addita.

195 2615 301 2655 Turn
336 2616 420 2656 lina
465 2630 546 2656 non
588 2622 752 2657 aestate
784 2617 918 2657 solum
959 2617 1089 2658 lavari
1132 2622 1318 2670 constat,
1366 2630 1502 2672 neque
1546 2614 1665 2671 quid-

196 2707 320 2748 quam
361 2694 439 2733 nisi
490 2693 593 2734 haec
636 2694 667 2753 ᾧ
713 2695 767 2736 τὰ
817 2694 978 2738 ὀθόνια
1023 2697 1305 2738 λευκαίνουσι
1349 2696 1490 2736 retulit
1527 2694 1665 2735 Theo-

195 2771 414 2825 phrastus:
467 2773 608 2827 itaque
640 2778 735 2828 post
768 2789 805 2815 v.
837 2777 1002 2814 lralmnl
1033 2773 1377 2828 distinguendum
1409 2773 1499 2815 erit,
1556 2773 1666 2815 Nam

193 2855 354 2891 aestate
385 2864 466 2891 non
501 2852 598 2891 lana
631 2853 812 2904 lavatur,
860 2852 934 2892 sed
977 2852 1196 2908 papaveris
1242 2866 1384 2893 semen
1432 2852 1664 2907 colligitur:

1323 2933 1385 2976 7*
