1914 3237
262 147 341 188 116
872 141 1003 183 Liber
1035 141 1118 184 VI.

329 269 373 315 in
400 275 551 315 totum
574 267 888 313 absumantur
908 266 1122 330 nihilque
1153 265 1412 313 adnotetur
1441 264 1570 313 aliud
1600 264 1727 313 novi.

327 355 498 403 DOII
535 355 648 402 mil.
686 372 733 419 p.
772 355 1104 403 intervallo
1151 371 1176 402 a
1217 354 1606 403 Ptolemaide
1648 371 1730 402 res

328 444 533 509 ingentis
585 445 795 508 exempli
843 446 1077 508 locusque
1121 444 1398 492 subtilitatis
1445 445 1729 505 immensae,

327 536 505 584 mundo
536 535 600 583 ibi
632 535 902 599 deprenso,
951 553 1058 583 cum
1099 535 1364 582 indubitata
1401 534 1588 582 ratione
1628 551 1728 582 um—

325 628 521 673 brarum
572 625 928 673 Eratosthenes
984 641 1258 671 mensuram
1304 631 1465 671 terrae
1516 624 1729 689 prodere

327 715 437 763 inde
471 714 706 778 coeperit.

368 827 557 868 Diversa
588 825 641 866 de
670 825 886 865 Berenice
917 831 961 864 et
994 824 1262 864 Ptolemaide
1306 825 1419 864 tradi
1451 824 1730 867 manifestum

258 913 339 957 est,
371 918 515 959 neque
545 904 587 944 id
620 909 804 957 propter
844 913 1047 954 magnum
1078 901 1192 941 inter
1221 907 1450 956 utramque
1481 903 1631 943 urbem
1662 904 1730 944 in-

257 983 481 1026 tervallum
518 982 644 1023 aliter
685 981 779 1022 lieri
820 980 972 1034 potuit.
1038 980 1082 1020 In
1116 979 1254 1021 altero
1285 982 1398 1021 enim
1438 980 1600 1034 oppido
1631 982 1731 1035 ipso

256 1070 419 1104 tantum
451 1060 624 1102 solstitii
657 1060 725 1100 die
757 1059 997 1101 meridiano
1029 1066 1228 1113 tempore
1264 1060 1445 1100 umbrae
1476 1073 1561 1100 non
1594 1073 1730 1115 appa-

255 1142 426 1190 rebant,
454 1140 495 1179 in
527 1138 667 1178 altero
699 1150 781 1191 per
811 1136 972 1178 multos
1004 1136 1115 1186 dies,
1146 1151 1275 1191 quum
1308 1138 1347 1178 in
1365 1137 1581 1179 Berenice
1602 1152 1728 1192 prae-

256 1227 322 1259 ter
354 1219 465 1258 diem
498 1215 671 1257 solstitii
702 1213 805 1256 nihil
836 1214 938 1255 novi
970 1214 1147 1254 evenire
1176 1222 1422 1255 annotetur.
1486 1216 1614 1262 Quod
1648 1229 1727 1256 au-

256 1304 341 1338 tem
376 1294 696 1336 Eratosthenes
737 1294 940 1334 mundum
982 1293 1335 1347 deprehendisse
1378 1293 1541 1348 fertur,
1590 1295 1631 1335 id
1672 1296 1728 1336 de

255 1374 339 1416 hac
376 1375 508 1425 urbe„
548 1386 691 1428 neque
729 1386 835 1414 vero
876 1373 929 1413 de
964 1372 1234 1413 Ptolemaide
1266 1372 1409 1413 valet:
1448 1380 1578 1426 atque
1610 1371 1727 1414 illam

254 1452 371 1493 DCll
391 1451 476 1492 mil.
497 1467 539 1507 p.
564 1450 796 1492 intervallo
818 1464 844 1490 a
868 1449 1139 1490 Ptolemaide
1175 1451 1313 1491 dirimi
1344 1450 1550 1501 traditur,
1582 1451 1625 1491 id
1658 1459 1727 1493 est

254 1530 410 1573 stadiis
446 1537 632 1585 quatuor
663 1528 833 1570 milibus
862 1526 1137 1579 DCCCXX,
1180 1530 1292 1570 sicut
1328 1530 1375 1572 ll.
1405 1528 1495 1570 183.
1527 1529 1727 1570 traditur.

254 1610 456 1664 Apparet
486 1609 616 1663 igitur
644 1607 686 1648 h.
715 1606 740 1648 l.
772 1605 900 1647 aliter
934 1605 1330 1660 interpungendum
1362 1620 1486 1661 esse,
1526 1614 1572 1648 ut
1601 1615 1727 1649 recte

254 1687 341 1729 hoc
372 1687 501 1728 modo
533 1684 751 1740 procedat
783 1684 950 1724 oratio:

310 1814 364 1821 .-
395 1788 512 1837 novi,
541 1785 690 1828 DCII
717 1783 801 1825 mil.
832 1799 871 1840 p.
910 1782 1138 1823 intervallo
1179 1799 1205 1823 α
1235 1784 1520 1826 Ptolemaide:
1558 1799 1626 1826 res
1656 1786 1725 1826 ἰη-

310 1866 447 1924 ι(Ιεηίἰε
477 1862 661 1918 exempli
695 1861 770 1903 rel.

151 1992 231 2033 142
811 1973 906 2019 17⁶2
927 1996 971 2014 =
991 1972 1186 2019 ibidem.

323 2078 457 2126 Hinc
504 2073 741 2123 Azanium
785 2089 944 2134 mare,
985 2071 1371 2138 promontorium
1409 2074 1537 2137 quod
1577 2075 1722 2139 aliqui

323 2165 644 2229 Hispalum
684 2162 946 2226 scripsere.

364 2263 603 2320 Hippalmn
633 2262 748 2303 haud
782 2262 910 2303 dubie
946 2275 972 2302 a
1002 2261 1342 2316 prudentissimo
1373 2265 1656 2320 navigatore,
1695 2278 1721 2306 a

254 2359 339 2401 quo
373 2344 501 2385 ctiam
534 2356 653 2383 marc
684 2343 869 2383 vicinum
904 2354 1147 2394 cognomen
1179 2342 1367 2396 accepit.

151 2485 230 2526 143
795 2474 889 2521 177
908 2496 960 2518 =
979 2474 1173 2523 ibidem.

319 2575 452 2641 Quin
482 2583 531 2622 et
568 2575 756 2622 accolas
787 2574 884 2622 Nili
915 2592 942 2622 a
976 2576 1142 2639 Syene
1179 2593 1274 2624 non
1303 2578 1598 2641 Aethiopum
1630 2594 1714 2641 po-

315 2666 456 2730 pulos
500 2665 588 2712 sed
631 2665 846 2712 Arabum
887 2681 996 2711 esse
1036 2665 1154 2713 (licit
1197 2666 1384 2731 (Iuba)
1424 2683 1578 2730 usque
1612 2668 1714 2715 Me-

309 2771 458 2816 roen3
508 2754 637 2803 Solis
687 2771 879 2819 quoque
922 2755 1177 2819 oppidum,
1236 2756 1364 2821 quod
1405 2772 1501 2805 non
1541 2759 1711 2822 procul
