1914 3237
176 734 257 780 279

171 1765 251 1807 280

289 179 342 221 18
893 184 1009 224 Liber
1035 187 1082 225 X
1089 186 1155 224 VJ.

287 323 482 352 racemus.
569 314 699 352 Simili
759 316 877 354 modo
942 318 982 356 in
1050 320 1167 366 niqra
1224 319 1346 357 alicui
1400 324 1457 358 est
1512 330 1638 359 semen
1693 323 1752 360 m·—

287 401 400 437 qrum
432 388 504 429 rel.

398 465 594 506 Ueterum
614 480 748 521 paene
771 468 926 510 oblitus
947 482 1059 510 eram
1086 483 1257 511 monere
1288 472 1326 511 in
1360 472 1476 513 initio
1507 472 1630 512 huius
1661 485 1750 513 sec-

287 543 411 584 tionis
435 546 536 584 haec
566 558 622 585 se.
664 558 822 599 genera
852 546 963 601 quod
1006 552 1147 588 exstat
1176 549 1218 588 in
1249 549 1364 589 libris
1394 549 1537 602 MSS„
1578 550 1630 590 ab
1662 550 1749 590 edi-

286 621 446 662 toribus
476 627 635 663 temere
667 627 853 677 spretum
887 636 994 664 esse.

806 736 811 739 ’
850 725 1196 782 152=34,6‘2.

353 820 438 870 Est
463 826 509 870 et
547 822 590 870 111
621 822 777 870 fructu
816 822 1082 871 differentia
1119 822 1258 872 albae
1297 823 1562 888 nigraeque
1600 824 1752 873 hede-

352 925 457 966 rae,
496 910 721 973 quoniam
760 908 865 958 aliis
902 916 1031 958 131113
1068 911 1334 959 amaritudo
1373 912 1494 960 acini
1536 917 1584 960 ut
1631 928 1750 961 aves

351 1012 445 1046 non
482 998 733 1061 attingant.

394 1098 502 1137 Male
533 1099 657 1138 lanus
699 1111 790 1137 eum
832 1096 1046 1137 codicibus
1083 1097 1330 1151 particulam
1362 1093 1578 1140 et‘omisit.
1637 1098 1745 1140 Nam

285 1174 397 1229 apud
434 1175 771 1229 Theophrastum
812 1176 885 1215 III.
926 1176 991 1215 18.
1028 1174 1079 1215 10
1109 1174 1261 1228 legitur
1292 1173 1379 1228 ἔχει
1413 1176 1462 1217 δὲ·
1491 1180 1564 1218 καὶ
1594 1174 1749 1232 ἑτέραν

284 1252 510 1306 διαφορὰν
539 1254 650 1294 κατὰ
691 1254 768 1294 τὸν
798 1253 969 1307 καρπὸν
1016 1250 1066 1294 οὗ
1097 1253 1266 1308 μικράν.
1325 1253 1576 1294 Necessario
1608 1259 1747 1295 autem

285 1335 372 1372 aliis
402 1331 514 1385 quod
553 1345 636 1371 non
674 1330 804 1370 habet
834 1343 914 1384 quo
955 1329 1160 1370 referatur
1197 1331 1491 1385 corrigendum
1529 1335 1605 1373 est.
1664 1331 1747 1372 Ne-

284 1422 365 1464 que
404 1413 478 1449 ille's
520 1408 630 1463 quod
663 1407 946 1449 Selrneiderus
986 1407 1038 1447 ad
1076 1408 1101 1447 1.
1133 1407 1157 1450 l.
1189 1409 1407 1462 proposuit
1447 1409 1615 1463 probari
1654 1422 1747 1464 pro-

283 1488 407 1527 ximis
437 1486 720 1541 Theophrasti
752 1485 890 1526 verbis
922 1485 1252 1525 demonstratur:
1296 1484 1317 1527 ὁ
1349 1487 1429 1540 μὲν
1458 1487 1540 1542 γὰρ
1571 1485 1745 1540 ἐπίγλυ-

283 1566 356 1614 κύς
393 1562 512 1607 ἔστιν
550 1562 572 1607 ὃ
613 1564 659 1605 δὲ
704 1563 877 1618 σφόδρα
925 1563 1078 1616 πικρὸς
1118 1566 1191 1604 καὶ
1246 1567 1323 1605 τοῦ
1361 1566 1516 1607 λευκοῦ
1556 1569 1629 1607 καὶ
1665 1569 1743 1608 τοῦ

281 1646 480 1700 μέλανος.
538 1644 650 1683 Vera
679 1642 802 1682 lectio
834 1645 898 1680 est
928 1645 1070 1691 aliquis
1103 1639 1245 1681 dativo
1278 1655 1390 1683 casu,

850 1745 1181 1800 159:36‚65.

345 1844 551 1895 Calamis
589 1841 787 1892 orientis
824 1841 991 1906 populi
1030 1840 1158 1889 bella
1207 1842 1488 1899 conficiunt,
1544 1840 1741 1889 calamis

344 1932 532 1998 spicula
567 1931 755 1980 addunt
788 1918 1091 1978 irrevocabili
1128 1929 1271 1978 1131110
1311 1929 1469 1979 11οΧ13.
1541 1928 1740 1978 Mortem

345 2020 621 2070 accelerant
657 2020 803 2084 pinna
838 2017 1003 2066 addita
1039 2016 1256 2074 calamis,
1294 2017 1441 2080 litque
1479 2021 1605 2066 etex
1632 2017 1739 2081 ipso

343 2108 490 2158 telum
527 2108 659 2157 aliud
695 2107 845 2156 fracto
881 2104 929 2152 111
969 2102 1264 2153 vulneribus.

387 2208 684 2250 Perturbatam
729 2219 822 2247 esse
861 2204 1094 2245 orationem
1138 2216 1187 2244 eo
1225 2202 1382 2257 liquido
1415 2202 1740 2255 demonstratur,

279 2286 390 2341 quod
430 2299 512 2325 vox
553 2288 635 2335 ipso
688 2295 825 2337 neque
857 2282 910 2322 ad
940 2282 1111 2336 pinnam
1158 2294 1294 2335 neque
1325 2280 1379 2320 ad
1410 2280 1615 2332 calamos,
1665 2278 1740 2320 sed

279 2363 331 2404 ad
362 2363 531 2403 hamum
553 2362 747 2416 pertinet,
780 2374 803 2400 3
822 2374 902 2414 quo
935 2373 1061 2400 sensu
1093 2359 1228 2399 alieno
1256 2362 1494 2413 separatur:
1526 2357 1634 2399 viam
1659 2370 1741 2412 qua

278 2441 330 2482 ad
361 2439 615 2481 medendum
648 2439 946 2494 aggrediamur
978 2437 1181 2479 vocabulo
1219 2436 1420 2489 ,0311111113ι
1460 2440 1523 2476 ter
1562 2435 1738 2489 repetito

278 2518 452 2559 indicari
485 2517 684 2568 arbitror,
715 2515 827 2570 quod
858 2516 1049 2555 librarius
1081 2515 1179 2555 (111111
1211 2527 1392 2554 errorem
1425 2513 1593 2566 corrigit
1630 2525 1737 2552 novo

277 2609 416 2636 errore
449 2601 490 2634 et
519 2608 594 2634 suo
626 2598 667 2633 et
711 2593 848 2634 alieno
880 2594 970 2634 1000
1003 2592 1233 2632 inseruisse
1264 2590 1475 2645 putandus
1507 2594 1582 2630 est.
1643 2590 1737 2635 Quo

276 2674 339 2714 bis
372 2677 533 2713 tantum
571 2672 724 2725 scripto
756 2685 962 2726 versuque
1002 2669 1169 2711 XXVII
1198 2669 1450 2719 litterarum,
1501 2667 1570 2721 qui
1600 2667 1738 2721 legiti-

275 2764 368 2791 mus
409 2750 496 2790 fere
534 2749 749 2803 archetypi
781 2749 939 2790 codicis
970 2761 1168 2788 numerus
1198 2746 1299 2798 fuit,
1352 2745 1608 2798 transposito
1638 2757 1738 2785 vera

275 2830 397 2871 lectio
428 2828 522 2870 talis
554 2827 748 2882 emergit:
