1914 3237
711 157 846 199 Liber
873 159 907 198 I
906 159 943 198 Ι.
1274 216 1279 224 ¹
1517 158 1571 200 23

92 279 369 322 mobilitatem
399 277 633 333 legendum
665 291 768 321 esse
797 286 936 321 ratus.
990 281 1136 322 Antea
1166 281 1420 337 legebatur,
1451 283 1569 338 quod

92 373 236 415 nuper
266 360 370 400 Iano
402 356 585 411 placuit:
619 363 760 397 traces
788 372 845 398 ex
874 357 985 398 caeli
1015 359 1154 415 riqore
1184 359 1284 410 has,
1316 361 1413 402 illas
1439 360 1569 402 mobi-

92 438 213 479 litate
251 436 418 479 hebetes
464 449 487 476 e
519 435 758 491 Rhodigini
804 438 993 479 maxime
1037 439 1295 479 coniectura
1320 439 1445 481 Lect.
1476 447 1567 482 ant.

90 517 256 566 111.12‚
299 515 370 570 qni
409 521 554 555 tamen
592 513 671 555 llas
697 521 740 556 et
770 515 868 556 illas
909 515 1022 557 male
1061 517 1300 558 coniunxit.
1381 517 1568 559 Duobus

89 596 204 639 vitiis
232 595 467 636 etiamnum
497 592 673 634 laborat
702 594 857 635 oratio.
915 595 973 636 Et
992 595 1176 650 primum
1196 595 1370 650 quidem
1393 609 1568 637 crurum

89 676 311 718 siccorum
340 672 412 714 vel
443 685 699 713 crassorum
727 682 987 727 argumento
1030 673 1140 715 caeli
1176 675 1300 728 rigor
1331 681 1407 716 aut
1434 675 1569 730 ignea

88 753 306 796 mobilitas
334 750 423 804 (cll.
436 750 505 792 Vl.
524 750 625 806 187)
656 765 744 793 non
773 752 977 805 habetur,
1010 754 1088 795 sed
1120 754 1336 808 proditur,
1369 767 1508 809 quare
1542 768 1567 796 e

85 834 297 876 librorum
325 831 437 872 Mss.
467 830 667 884 vestigiis

577 908 832 950 mobilitates
860 909 1065 950 habentes

88 989 308 1031 efficiatur
348 995 525 1043 oportet
564 987 727 1030 lineola
763 1002 849 1044 qua
889 989 1172 1031 accusativus
1216 988 1566 1043 significabatur,

83 1069 307 1111 restituta:

475 1120 822 1162 mobilitatem
856 1124 1144 1178 sapientes5

84 1202 244 1244 deinde
274 1200 424 1244 ultima
454 1202 593 1243 verba
625 1201 974 1256 transpositione
1004 1202 1206 1243 sananda
1235 1208 1349 1243 sunt.
1391 1201 1504 1242 Nam
1523 1208 1567 1243 et

84 1283 204 1337 apud
232 1281 481 1336 Aethiopas
513 1288 555 1321 et
585 1281 627 1321 in
656 1280 788 1322 terris
821 1281 878 1321 ad
915 1281 1264 1336 septentrionem
1289 1280 1385 1322 sitis
1414 1280 1566 1322 varias

83 1362 206 1404 feras
234 1368 278 1402 et
307 1361 441 1402 miras
470 1359 681 1402 volucres
710 1361 829 1415 gigni
850 1367 1005 1402 narrat
1023 1360 1201 1412 Plinius,
1236 1373 1420 1416 quarum
1451 1372 1566 1414 quae

82 1441 125 1481 in
146 1441 264 1482 saltu
281 1439 506 1495 Hercynio
526 1440 803 1493 proveniunt,
829 1439 888 1484 X.
908 1439 999 1481 132.
1029 1440 1358 1481 describuntur.
1395 1439 1563 1480 Nostro

81 1534 189 1562 vero
219 1519 319 1561 loco
352 1517 646 1560 Germanicae
683 1518 810 1561 alites
845 1532 934 1560 non
966 1525 1389 1569 commemorantur,
1430 1532 1563 1574 quum

81 1599 376 1654 Aethiopicae
415 1598 603 1640 molesta
635 1598 899 1652 repetitione
938 1599 1006 1640 bis
1041 1599 1333 1639 nominentur.
1380 1597 1562 1639 Falsum

81 1687 329 1733 utrumque.
396 1679 549 1732 Itaque
580 1676 743 1731 copula
779 1682 822 1716 et
846 1689 871 1718 e
901 1676 1078 1731 vulgata
1109 1677 1344 1731 scriptura,
1375 1690 1562 1732 quacum

82 1757 364 1800 consentiunt
395 1757 527 1798 codd.
556 1755 695 1808 R1a2,
727 1739 909 1796 servata
935 1755 1219 1796 scribendum
1250 1762 1340 1797 est:

136 1836 206 1878 hic
220 1832 507 1894 qravesferas
535 1834 656 1874 etin
679 1833 870 1874 multas
890 1831 1096 1891 fissuras
1124 1834 1268 1891 qiglni
1294 1833 1560 1886 volucres,

137 1915 226 1957 illic
247 1916 395 1956 varias
414 1914 566 1972 effigies
586 1911 840 1953 animalium
869 1913 1098 1969 provenire
1130 1918 1170 1953 et
1184 1913 1373 1953 maxime
1396 1912 1559 1955 alitum.

626 2012 724 2063 198
745 2030 796 2053 =
814 2010 897 2071 82,
917 2010 998 2058 84.

147 2103 472 2154 Tutissimum
502 2111 578 2151 est
599 2120 708 2153 cum
728 2105 885 2154 vibrat
912 2102 944 2165 (
938 2103 1128 2166 motas)
1152 2100 1398 2164 crispante
1426 2100 1557 2149 aedi-

144 2195 369 2244 ficiorum
402 2195 593 2260 crepitu
630 2203 680 2245 et
726 2214 836 2245 cum
871 2191 1150 2250 intumescit
1187 2191 1457 2256 adsurgens
1492 2192 1556 2239 al-

144 2294 384 2349 ternoque
421 2293 554 2334 motu
586 2287 784 2348 residit,
829 2282 1081 2353 innoxium
1123 2289 1172 2330 et
1210 2299 1319 2330 cum
1354 2299 1557 2331 concur-

145 2375 303 2425 rentia
353 2382 483 2424 tecta
522 2377 766 2426 contrario
815 2375 918 2424 ictu
966 2374 1196 2435 arietant,
1252 2373 1556 2441 [quoniam

146 2468 309 2515 alter
345 2473 544 2515 motus
585 2467 759 2516 alteri
800 2464 1140 2532 renititur].

187 2568 349 2609 Exulet
379 2567 610 2610 molestum
626 2568 983 2617 additamentum,
1011 2580 1097 2622 quo
1127 2564 1419 2622 interpolator
1446 2579 1554 2607 cau-

76 2661 171 2691 sam
208 2660 322 2702 quae
359 2640 446 2687 iam
488 2645 690 2688 ablativis
735 2646 930 2688 breviter
976 2646 1277 2702 significatur,
1331 2645 1552 2701 quomodo

77 2739 214 2781 supra
243 2726 447 2778 „alterno
478 2725 608 2780 pulsu
631 2725 881 2767 renitente“
906 2726 1149 2777 dicebatur,
1179 2725 1354 2780 plenius
1381 2725 1553 2767 descri-

75 2805 184 2848 bere
211 2804 362 2849 voluit.
421 2804 618 2847 Finiatur
643 2805 776 2861 igitur
806 2805 1027 2847 sententia
1056 2805 1100 2847 in
1132 2819 1176 2849 v.
1207 2805 1413 2848 arietant.

1581 2022 1637 2065 33
