1914 3237
258 155 335 197 176
836 155 966 197 Liber
995 156 1143 198 XIII.

369 277 527 318 Varias
567 277 804 318 lectionum
841 279 1165 334 discrepantias
1209 291 1322 333 quac
1359 279 1476 333 apud
1513 277 1722 332 Silligium

256 356 485 410 diligenter
517 363 801 397 enumeratae
837 357 1141 411 reperiuntur,
1183 357 1346 400 omitto.
1413 356 1524 397 Nam
1556 357 1596 397 in
1629 356 1724 397 uni-

254 450 429 476 versum
460 443 580 476 recte
609 449 634 476 a
666 435 715 476 V.
737 435 785 477 D.
816 436 962 478 locum
995 437 1278 478 constitutum
1315 448 1417 476 csse
1460 448 1514 475 eo
1549 447 1724 488 quoque

254 515 581 568 comprobatur,
617 514 731 568 quod
769 514 896 554 etiam
936 515 977 555 in
1013 514 1194 554 Barbari
1226 521 1268 554 ct
1299 511 1467 554 Gelenii
1499 512 1726 553 codicibus

255 606 307 633 ca
340 591 496 632 lacuna
525 606 610 632 non
641 590 780 632 fuisse
811 591 1004 644 putanda
1034 601 1102 631 est
1128 605 1211 645 qua
1233 590 1430 646 plerique
1454 604 1605 631 eorum
1637 589 1725 644 qui-

254 672 335 711 bus
370 670 564 724 Silligins
597 669 753 718 utitur,
797 669 933 709 verba
972 667 1099 708 libros
1134 667 1358 707 duodecim
1390 666 1523 722 fnisse
1563 667 1725 708 omise-

254 759 366 793 runt.
448 750 694 791 Genitivum
736 761 843 789 vcro
892 761 1044 789 casum
1089 747 1380 796 decretorum,
1420 747 1476 786 ita
1522 754 1566 785 nt
1610 758 1726 785 nunc

253 831 391 872 verba
424 829 547 870 Plinii
580 828 798 882 leguntur,
829 827 1039 882 explicari
1071 841 1157 867 non
1190 839 1324 880 posse
1355 832 1556 879 apparet.
1606 825 1725 871 Qua-

254 915 435 962 propter
471 920 601 961 quum
643 906 686 946 in
720 904 820 946 cod.
855 904 897 945 R
929 917 1137 945 numerus
1177 910 1340 944 tantum
1378 903 1497 944 Xllll
1535 903 1727 957 scriptus

253 992 420 1036 exstet,
450 984 653 1026 Tuditani
683 983 837 1026 librum
874 997 900 1025 a
932 983 1070 1026 Plinio
1100 997 1186 1024 non
1225 982 1365 1024 fuisse
1395 983 1632 1024 indicatum
1668 983 1727 1024 le·

253 1066 535 1122 gendumque
557 1078 659 1106 esse
684 1064 869 1106 coniicio
899 1063 1238 1125 quatuordecim.
1292 1062 1594 1104 Differentiam
1614 1063 1728 1102 enim

253 1158 382 1200 quam
413 1144 514 1185 Piso
545 1144 657 1185 inter
685 1143 823 1186 libros
852 1142 1103 1198 pontificios
1133 1149 1177 1184 et
1209 1142 1534 1197 Pythagoricos
1564 1142 1727 1190 statuit,

252 1223 495 1265 Tuditanus
521 1235 608 1263 non
637 1221 811 1262 videtur
842 1221 1093 1276 agnovisse.
1154 1220 1358 1262 Ceterum
1389 1234 1438 1261 re
1455 1233 1563 1260 vera
1580 1217 1727 1259 XXlV

253 1303 362 1344 libro
403 1314 429 1342 a
469 1300 647 1341 Valerio
689 1298 868 1340 Antiate
908 1306 1163 1339 numeratos
1204 1311 1308 1339 esse
1347 1296 1570 1338 Plutarchi
1609 1296 1728 1337 testi·

253 1383 396 1424 monio
435 1381 564 1422 Num.
594 1379 660 1421 ⁶22.
702 1378 1028 1433 comprobatur.
1100 1378 1252 1433 ltaque
1290 1376 1441 1417 Livius
1481 1388 1566 1415 non
1611 1373 1729 1415 hunc

257 1469 483 1502 auctorem
513 1466 697 1501 secutus
726 1459 768 1499 in
799 1459 1054 1500 universum
1082 1456 1183 1498 XIV
1217 1468 1478 1498 numerasse
1507 1453 1729 1508 putandus

258 1547 341 1592 cst,
372 1536 738 1593 quemadmodum
772 1535 1088 1577 Lachmannus
1117 1534 1186 1576 De
1217 1534 1366 1577 fontib.
1387 1533 1496 1575 Livii
1516 1532 1567 1573 V.
1600 1548 1637 1586 p.
1656 1531 1726 1574 58.

257 1618 420 1659 statuit.
453 1616 658 1657 Pisonem
677 1614 883 1663 dicerem,
902 1613 984 1654 nisi
1004 1612 1040 1653 is
1063 1625 1235 1667 quoque
1253 1611 1575 1666 Pythagoricos
1590 1610 1728 1651 libros

257 1696 396 1737 fuisse
415 1693 673 1743 addidisset,
702 1691 818 1747 quod
835 1691 986 1732 Livius
1016 1690 1132 1744 apud
1166 1689 1321 1740 solum,
1352 1697 1398 1731 ut
1426 1689 1610 1739 videtur,
1642 1688 1728 1729 An·

257 1776 405 1816 tiatem
435 1772 618 1827 legerat.

324 1854 450 1900 idem
491 1856 571 1910 (ait
601 1868 738 1909 porro
773 1853 960 1906 Plinius)
999 1846 1144 1894 tertio
1175 1845 1326 1910 ponit,
1365 1863 1476 1909 quo
1510 1844 1727 1893 comburi

329 1959 416 1990 eos
455 1939 709 2005 placuerit.

369 2031 489 2073 Satis
520 2028 666 2069 mirari
697 2040 886 2082 neque0,
916 2025 1074 2067 nemini
1105 2023 1249 2065 adhuc
1279 2038 1433 2065 vocem
1465 2038 1547 2084 qno
1579 2021 1731 2077 displi-

258 2112 423 2161 cuisse,
464 2121 578 2165 quae
611 2121 819 2162 quorsum
851 2105 1086 2147 referenda
1121 2105 1198 2154 sit,
1243 2117 1298 2145 ne
1337 2103 1520 2157 cogitari
1556 2103 1729 2158 quidem

257 2195 417 2244 potest.
483 2186 617 2240 Atqui
660 2183 821 2239 aliquid
864 2183 1026 2224 deesse
1057 2182 1278 2236 scriptura
1327 2181 1470 2221 tertios
1512 2182 1730 2222 indicatur

257 2280 369 2323 quae
401 2267 441 2306 in
474 2266 600 2306 codd,
632 2277 657 2304 a
690 2263 715 2303 d
747 2261 980 2316 reperitur,
1010 2274 1151 2314 neque
1180 2273 1293 2314 opus
1325 2268 1393 2299 est
1423 2266 1469 2300 ut
1498 2259 1600 2313 quid
1629 2273 1733 2313 sup-

258 2345 463 2402 plendum
493 2343 716 2394 videatur,
757 2340 826 2380 diu
857 2351 1158 2394 .quaerainus‚
1203 2351 1333 2392 quum
1364 2337 1462 2380 cod.
1492 2337 1534 2378 R
1565 2337 1730 2379 diserte

258 2426 427 2466 scribat
460 2422 581 2463 tertio
613 2427 653 2461 et
681 2435 712 2461 s.
728 2433 759 2461 c.
774 2419 894 2474 ponit
925 2419 949 2459 i.
966 2431 1001 2460 e.
1033 2417 1193 2467 „tertio
1212 2424 1254 2458 ct
1270 2417 1460 2459 Senatus
1483 2417 1730 2458 consultum

259 2505 441 2559 ponit“,
473 2501 590 2556 quod
624 2513 647 2541 e
679 2498 856 2540 Valerio
878 2498 1031 2539 Livius
1064 2495 1384 2550 transscripsit.
1445 2495 1730 2536 Manifestum

260 2590 327 2624 cst
368 2582 516 2636 igitur,
557 2579 711 2620 librum
750 2575 992 2618 secundum
1028 2573 1197 2615 Valerii
1235 2573 1276 2613 in
1311 2572 1482 2613 Numae
1519 2579 1656 2613 morte
1687 2579 1731 2613 et

260 2658 487 2714 sepultura
517 2655 718 2703 desiisse,
749 2653 863 2694 tertii
890 2653 1054 2693 initium
1082 2664 1108 2692 a
1140 2649 1321 2691 mirabili
1351 2649 1557 2691 librorum
1587 2650 1728 2704 perdi-

262 2748 402 2780 torum
434 2736 683 2777 inventione
710 2731 873 2774 factum
904 2745 1022 2773 esse.
1086 2731 1172 2771 lam
1204 2743 1310 2770 vero
1343 2742 1397 2769 en
1429 2730 1588 2780 verba,
1619 2741 1732 2784 quac

264 2817 426 2859 Plinius
456 2814 628 2856 videtur
659 2812 918 2865 scripsisse:

1890 379 1893 418 „⁴
1884 191 1892 354 -ι-ἐ-,.-...
1885 134 1889 175 .--
