1914 3237
743 164 860 202 Liber
878 164 920 201 Χ
923 162 966 202 Χ
974 162 1034 201 VI.
1171 130 1187 143 ν
1538 156 1618 200 145

158 292 234 334 sed
276 297 397 334 silvas
446 296 622 333 Arabum
672 299 791 344 pastu
847 304 1061 342 caprarum
1107 291 1274 340 infringi
1320 288 1432 329 idem
1480 287 1621 328 retulit

158 370 256 414 XII.
281 372 346 415 74.
383 371 532 425 Itaque
562 370 602 410 h.
633 369 659 410 l.
690 382 774 410 non
796 372 994 419 seqetibus
1023 368 1290 409 scribendum
1322 382 1415 410 esse
1447 374 1622 424 apparet

159 448 236 490 sed
263 450 609 490 silvestribus.

800 522 977 565 Ibidem.

224 601 395 652 Ledon
430 601 706 667 appellatur
740 601 893 651 herba
929 617 990 651 ex
1026 616 1122 666 qua
1156 600 1207 648 fit
1255 599 1536 662 (ladanum)
1576 602 1622 650 in
1653 573 1735 616 550

224 691 386 757 Cypro
425 729 436 741 .
476 729 486 740 .
522 690 733 740 nobilius
769 690 818 739 in
853 690 1036 739 Arabia

267 779 317 822 τὸ
355 782 506 833 μέντοι
547 777 764 835 ἆραβικὸν
810 782 882 820 καὶ
918 779 1096 832 λιβυκὸν
1148 776 1453 833 εὐτελέστερον
1483 777 1626 819 Diosc.

162 858 188 899 l.
219 858 244 898 l.
277 872 408 898 verum
437 882 491 887 -
522 860 708 898 ladanum
743 861 863 910 Cypri
892 860 1044 897 insulae
1083 869 1166 896 esse
1195 855 1302 897 Plin.
1335 855 1360 896 l.
1395 855 1420 896 l.
1480 854 1627 910 Itaque

160 935 199 979 h.
223 935 248 978 l.
279 949 364 976 non
394 939 585 988 nobilius,
617 934 692 976 sed
722 939 881 976 vilius
910 934 994 989 legi
1024 939 1200 989 oportet.

270 1013 308 1068 ἓ.
339 1013 392 1056 58
423 1027 498 1055 scr.
527 1016 728 1065 filiculam,
759 1011 810 1054 cf.
842 1012 984 1053 Diosc.
1015 1011 1086 1053 IV.
1121 1012 1199 1054 185
1231 1016 1272 1053 et
1299 1016 1426 1062 filicis.

738 1095 798 1141 65
831 1107 885 1126 =
919 1094 1047 1149 839.
1657 1100 1734 1142 551

230 1185 306 1230 est
341 1180 469 1229 enim
512 1184 608 1229 tam
645 1180 880 1229 ferventis
917 1185 1117 1228 naturae
1170 1184 1220 1227 ut
1273 1194 1359 1244 per
1402 1194 1456 1227 se
1493 1183 1629 1227 extra

229 1269 422 1334 corpori
457 1268 739 1333 impositum
779 1266 982 1333 pusulas
1020 1296 1082 1307 —
1118 1266 1276 1316 faciat.

275 1358 371 1399 Sive
410 1357 463 1398 de
504 1369 604 1397 suco
655 1355 864 1410 tithymali
902 1356 990 1396 sive
1030 1355 1081 1396 de
1126 1356 1220 1410 ipsa
1248 1354 1383 1396 herba
1432 1354 1630 1409 accipiaS,

164 1436 395 1478 masculino
447 1448 603 1490 genere
660 1448 766 1490 opus
817 1439 882 1475 est
938 1433 1292 1489 scribendumque
1343 1433 1456 1474 haud
1504 1432 1631 1473 dubie

217 1519 431 1567 impositus.

394 1594 677 1651 67:8,4u
738 1591 830 1651 (de
866 1589 1118 1654 tithymalo
1157 1591 1373 1655 myrtite)
1661 1582 1743 1626 552

229 1681 389 1731 minus
442 1679 522 1729 hic
566 1679 915 1730 vomitionibus
969 1693 1112 1743 quam
1168 1679 1412 1745 superior,
1486 1678 1634 1728 ceteri

235 1770 365 1820 item.

275 1858 478 1899 Dativum
508 1857 588 1899 etsi
613 1857 684 1898 vix
713 1860 815 1912 puto
839 1855 1045 1910 exemplis
1076 1855 1143 1896 vel
1173 1855 1332 1910 ellipsis
1363 1854 1430 1896 vel
1461 1868 1635 1895 casuum

168 1936 494 1977 constructionis
539 1948 565 1976 a
593 1934 882 1988 Grasbergero
914 1948 954 1988 p.
979 1934 1004 1977 7
1035 1947 1125 1988 sqq.
1156 1933 1209 1975 34
1251 1932 1438 1973 collectis
1468 1932 1527 1972 ita
1565 1932 1636 1973 de-

168 2013 286 2055 fendi
306 2018 353 2055 ut
372 2013 580 2055 adiectivo
603 2016 770 2055 idoneus
800 2024 944 2053 carere
974 2011 1202 2066 possimus,
1234 2016 1377 2051 tamen
1407 2010 1520 2051 istud
1551 2023 1637 2050 me-

172 2092 359 2133 dicorum
398 2091 566 2133 dicendi
603 2105 737 2147 genus
779 2089 1058 2132 confidentius
1099 2088 1325 2130 emendare
1364 2103 1448 2130 non
1485 2087 1637 2129 audeo.

169 2169 219 2211 Id
250 2183 347 2211 vero
378 2184 462 2212 non
494 2170 638 2211 dubito
671 2169 901 2221 affirmare,
941 2167 1122 2208 eundem
1155 2167 1342 2208 dativum
1376 2167 1533 2220 ‚ceteri‘
1567 2180 1637 2207 vo-

170 2247 321 2290 cabulo
372 2248 613 2289 necessario
653 2246 829 2288 restitui.
887 2245 1037 2300 Neque
1089 2244 1201 2285 enim
1248 2250 1390 2287 cetera
1427 2244 1637 2300 tithymali

171 2339 329 2382 genera
358 2339 453 2367 cum
483 2327 664 2381 myrtite,
697 2325 772 2367 sed
797 2325 1048 2366 vomitiones
1080 2337 1175 2365 cum
1203 2323 1374 2377 reliquis
1395 2323 1638 2364 morborum

169 2403 368 2445 remediis
408 2409 718 2460 comparantur.
800 2403 930 2456 Nam,
975 2408 1021 2444 ut
1061 2416 1156 2444 cum
1196 2401 1445 2443 Dioscoride
1491 2402 1639 2457 loquar

169 2482 243 2525 IV.
275 2483 374 2536 162,
415 2483 605 2537 δύναμιν
633 2482 722 2536 ἔχει
753 2515 762 2524 .
795 2514 802 2522 .
835 2479 995 2535 ὁμοίαν
1030 2486 1089 2539 τῷ
1121 2481 1207 2537 πρὸ
1240 2478 1391 2523 αὐτοῦ·
1432 2477 1637 2534 ἕμετικώ-
1682 2536 1688 2540 ⁷

169 2575 294 2614 τερος
321 2563 473 2616 μέντοι
505 2559 670 2611 ἐκεῖνος
699 2561 857 2604 τούτου
889 2557 1019 2603 ἐστίν.
1060 2560 1209 2614 Itaque
1241 2558 1512 2600 scribendum
1543 2572 1639 2600 esse

172 2652 350 2681 censeo:

226 2724 355 2761 minus
398 2722 464 2760 hic
502 2721 779 2760 vomitionibus
825 2721 1022 2767 (idoneus)
1067 2732 1184 2768 quam
1230 2721 1442 2768 superior,
1502 2721 1641 2758 ceteris

228 2802 328 2839 ilem.

1302 2874 1357 2916 10
