1914 3237
758 193 879 234 Liber
907 193 1043 234 XXV.
1531 250 1533 253 ἱ
1555 184 1634 230 139

280 328 463 365 bibantur
488 323 641 365 deinde
670 326 873 363 arbitrant
902 335 939 374 a,
971 325 1215 362 arbitrantes
1245 319 1388 361 VRd.
1422 320 1637 360 Lacunam

173 406 300 447 Ianus
324 401 544 460 participio
564 404 735 455 recepto
752 404 866 441 recte
885 399 1100 451 indicavit,
1129 399 1334 440 vocabulo
1355 401 1533 438 biberunt
1554 410 1638 438 non

175 483 277 523 satis
308 481 395 521 veri
428 479 616 519 similiter
645 478 841 533 explevit.
901 476 1010 525 Quid
1042 476 1173 528 desit,
1205 475 1467 517 Dioscoridis
1499 474 1638 515 verbis

172 559 244 601 IV.
286 559 336 601 69
385 556 725 598 demonstratur:
784 559 883 611 τρία
930 555 979 596 δὲ
1022 553 1045 610 ἢ
1090 548 1277 607 τέτταρα
1315 556 1518 596 ποθέντα
1559 552 1642 594 σὺν

173 638 276 694 οἴνῳ
301 634 514 691 ἠπιάλους
543 633 757 689 πυρετοὺς
801 632 1044 689 θεραπεύει
1085 633 1246 674 scilicet
1284 644 1485 672 numerus
1522 630 1641 672 folio-

173 706 281 755 rum.
314 712 595 769 ItaquePlinii
624 711 754 752 verba
783 711 884 751 talia
913 710 1002 752 fere
1032 712 1163 752 fuisse
1194 711 1393 751 arbitror:

227 827 235 835 .
268 827 276 835 .
308 795 507 843 bibantur,
558 800 594 831 el
623 794 700 831 iam
731 793 884 840 antiqui
927 791 1250 841 damnarunt,
1290 769 1455 829 tribu&
1485 789 1523 826 in
1555 789 1642 826 vz'no

223 872 255 920 fi
288 874 326 912 d.
359 873 610 911 arbitrantes.

283 949 320 1003 ξ.
350 948 403 990 42
433 961 526 988 cum
568 961 593 988 a
634 946 704 1001 (ut
734 949 798 986 est
827 945 870 986 in
898 948 948 998 β)
998 943 1134 985 scribo
1170 947 1352 995 pinqitur
1390 956 1441 984 ex
1481 945 1646 994 cuspide

173 1031 374 1068 decutiens
403 1017 489 1065 eiam
519 1028 670 1076 (fludio,

765 1081 826 1128 43
843 1101 902 1120 =
913 1081 1038 1136 5,19.
1674 1062 1754 1108 533

241 1168 368 1217 hanc
408 1167 549 1216 etiam
589 1166 839 1231 praecisos
876 1180 1057 1215 nervos
1093 1163 1334 1229 glutinare
1370 1163 1568 1213 faciunt.

287 1257 399 1297 Leve
442 1269 544 1296 sane
582 1255 728 1295 vitium
766 1267 844 1294 nec
875 1258 1017 1294 tamen
1056 1251 1501 1307 praetermittendum,
1552 1264 1647 1291 cum

176 1334 343 1376 codices
368 1333 407 1374 V
427 1333 468 1374 R
495 1337 592 1385 hac,
635 1335 672 1375 Θ
703 1335 800 1383 hae,
831 1346 856 1372 a
885 1334 985 1372 haec
1013 1330 1212 1384 habeant,
1254 1329 1522 1372 scribendum
1554 1341 1648 1369 esse

175 1416 271 1453 hac
302 1436 350 1441 —
381 1414 608 1462 ylute'nare'.

771 1522 829 1568 47
854 1536 907 1555 =
928 1521 1052 1576 521.

243 1646 286 1655 ..
326 1607 385 1655 ab
444 1606 540 1655 hoc
592 1605 924 1671 (Melampode
966 1611 1101 1664 vate)
1169 1603 1442 1669 appellatur
1501 1618 1646 1651 unum
1677 1563 1758 1607 534

241 1695 477 1745 hellebori
527 1710 705 1758 genus*
741 1694 1116 1759 Melampodion.
1188 1692 1356 1756 Aliqui
1404 1695 1648 1756 pastorem

245 1784 421 1833 eodem
458 1783 652 1833 nomine
706 1783 956 1832 invenisse
992 1782 1187 1830 tradunt
1241 1795 1413 1845 capras
1452 1779 1649 1844 purgari

247 1877 386 1936 pasto
426 1870 510 1920 illo
547 1871 1015 1920 animadvertentem
1070 1870 1283 1933 datoque
1321 1867 1447 1917 lacte
1486 1883 1649 1916 earum

243 1974 445 2008 sanasse
483 1958 738 2008 Proetidas
775 1959 1013 2016 furenteS‚
1069 1958 1383 2022 quamobrem
1436 1957 1497 2005 de
1548 1971 1650 2004 om-

245 2048 386 2096 nibus
425 2046 529 2095 eius
565 2048 831 2112 generibus
870 2047 966 2096 dici
1001 2045 1143 2096 simul
1181 2045 1426 2095 convenit.

288 2135 442 2175 Nescio
474 2148 547 2176 cur
578 2135 629 2175 de
659 2135 853 2176 omnibus
884 2134 1088 2175 hellebori
1118 2133 1344 2188 generibus
1376 2133 1498 2173 simul
1520 2145 1650 2187 agen—

180 2213 278 2254 dum
310 2218 535 2268 propterea
560 2213 763 2265 videatur,
796 2213 993 2267 quoniam
1025 2226 1154 2252 unum
1172 2210 1478 2265 aMelampode
1509 2223 1649 2264 reper-

179 2296 267 2330 tum
301 2291 365 2331 sit.
426 2290 596 2331 Scilicet
624 2305 733 2331 unus
775 2304 923 2331 versus
956 2290 1113 2331 excidit
1153 2290 1271 2330 ouius
1301 2288 1380 2330 hoc
1410 2288 1497 2329 fere
1527 2301 1651 2342 argu-

181 2373 368 2409 mentum
400 2367 556 2408 fuerat:
1358 2354 1361 2356 ¹

238 2449 491 2496 quamobrem
520 2450 635 2495 reym'
657 2450 846 2498 portione
876 2449 979 2486 illum
1013 2449 1199 2487 donatum
1232 2458 1327 2485 esse.

365 2569 710 2621 48=ibidem.
756 2568 846 2627 (de
883 2567 1123 2618 hellebori
1160 2567 1454 2632 generibus)
1679 2567 1758 2609 535

247 2659 459 2723 Utraque
498 2655 637 2707 caule
674 2656 819 2722 palmi
855 2655 1086 2705 ferulacio
1124 2655 1208 2704 rel.

292 2746 435 2787 Caulis
467 2745 594 2801 palmi
624 2759 708 2785 non
741 2750 805 2785 est
833 2743 993 2793 καυλὸς
1032 2745 1346 2794 παλαιστιαῒος
1379 2742 1545 2797 (Diosc.
1576 2740 1650 2783 IV.

184 2824 311 2879 148):
343 2824 550 2866 scribatur
581 2827 747 2881 oportet
770 2826 984 2877 palmari.
