1914 3237
760 150 890 190 Liber
920 151 1047 192 XIV.
1568 150 1644 192 181

169 268 290 310 disse
312 270 471 320 tradat,
507 270 616 312 inter
639 284 780 313 annos
799 269 1393 315 DCCCX.ctDCCCXVIIl.
1422 272 1558 314 libros
1591 273 1644 313 de

167 358 215 387 re
249 348 413 389 rustica
443 349 584 390 editos
613 362 714 390 esse
748 349 1045 402 consequitur.
1091 350 1294 391 Ceterum
1318 350 1641 404 distinguantur

165 432 343 478 oportet
375 426 519 467 vineta
543 424 820 466 Palaemonis
853 426 909 466 ad
937 426 1149 467 decimum
1178 427 1368 481 lapidem
1399 429 1482 469 sira
1509 428 1639 468 3Νο-

164 511 368 544 mentano
400 504 619 554 Senecae,
654 504 707 544 de
737 517 822 557 qno
853 503 949 557 ipse
973 503 1055 557 Ep.
1079 503 1170 544 104.
1201 503 1402 559 loquitur,
1434 506 1550 560 quod
1582 507 1637 546 ad

162 589 363 636 quartum
393 582 585 636 lapidem
616 596 643 623 a
674 582 826 623 Tacito
855 582 969 625 Ann.
991 581 1086 623 XV.
1101 582 1173 626 60.
1206 581 1461 624 collocatur.
1507 584 1637 631 Quod

159 660 280 714 §.1st
310 673 334 700 a
355 659 489 702 Plinio
513 662 848 702 commemorari
880 662 1086 705 arbitror.
1130 662 1359 717 Leguntur
1390 662 1446 703 ibi
1480 661 1633 717 vulgo:

721 765 783 811 51
804 787 855 806 =
876 763 1072 811 ibidem.
1658 788 1738 828 232

224 860 355 900 tanto
394 853 583 917 praedii
617 854 723 901 eius
760 869 924 901 amore
957 860 1098 917 capto
1144 853 1402 918 (Seneca)
1445 860 1497 901 ut
1538 870 1634 901 non

223 944 435 1007 puderet
472 943 628 992 inviso
674 944 790 991 alias
826 943 1193 1009 (Palaemoni)
1242 951 1291 992 et
1327 950 1632 994 ostentaturo

222 1032 419 1080 tradere
455 1036 660 1098 palmam
697 1052 843 1095 eam,
884 1034 1059 1099 emptis
1087 1035 1456 1100 quadruplicato
1480 1037 1632 1087 vineis

222 1123 316 1171 illis
354 1129 436 1170 rel.

264 1214 323 1254 lbi
353 1215 481 1255 codd.
513 1214 569 1265 Τ,
602 1215 801 1256 Murbac.
835 1224 877 1257 et
910 1217 1077 1257 Budaei
1110 1216 1176 1257 De
1207 1230 1294 1258 ass.
1329 1233 1368 1271 p.
1394 1216 1488 1257 614.
1519 1219 1631 1259 scri-

153 1294 259 1334 bunt
285 1293 394 1334 alias
423 1294 616 1350 reqiones
645 1300 687 1333 et
715 1299 999 1343 ostentaturo,
1030 1293 1184 1349 reliqui
1213 1309 1256 1335 v.
1289 1296 1481 1353 regiones
1510 1297 1629 1337 omit-

152 1378 262 1422 tunt,
293 1372 408 1426 quod
436 1372 678 1427 eproximo
704 1385 838 1413 versu
868 1373 982 1414 male
1012 1372 1099 1414 huc
1129 1373 1466 1428 transscriptum
1499 1382 1629 1430 atquc

149 1450 216 1491 sic
252 1452 628 1505 transponendum
663 1452 855 1493 videtur:

209 1530 350 1570 inviso
379 1530 489 1570 alias
521 1537 561 1570 et
597 1535 865 1570 ostentaturo
898 1528 1071 1569 tradere
1099 1528 1292 1584 palmam
1322 1532 1564 1586 regionis.

262 1606 536 1649 Vocabulum
579 1609 690 1648 enim
741 1622 835 1647 eam
877 1606 1175 1661 dittographia
1226 1619 1249 1648 e
1297 1608 1448 1662 primis
1500 1610 1627 1651 vicini

148 1687 296 1741 emptis
324 1686 481 1728 litteris
511 1695 652 1728 ortum
685 1699 787 1726 esse
806 1686 1063 1739 putaverim.
1125 1686 1270 1727 Probe
1302 1694 1447 1729 autem
1475 1695 1624 1731 tenen-

147 1766 246 1806 dum
279 1773 361 1817 est,
394 1766 556 1820 optimo
584 1766 739 1806 codice
759 1765 799 1805 R
831 1772 874 1805 et
900 1764 972 1805 hic
1007 1772 1049 1805 et
1079 1766 1120 1805 in
1152 1765 1364 1819 proximis
1392 1764 1514 1809 libris
1543 1782 1625 1810 nos

147 1845 332 1886 destitui.
393 1845 490 1885 Hoc
518 1845 650 1899 igitur
682 1845 784 1885 dicit
820 1844 999 1894 Plinius,
1033 1845 1255 1885 Senecam
1284 1845 1325 1885 in
1358 1858 1413 1887 ea
1442 1848 1624 1902 regione

146 1936 275 1977 quam
293 1932 336 1965 et
357 1924 453 1977 ipse
477 1923 703 1972 incoleret,
722 1923 952 1976 primatum
972 1921 1226 1964 Palaemoni
1250 1924 1503 1980 tradidisse,
1518 1926 1624 1968 licet

148 2003 259 2043 bene
287 2016 471 2057 gnarum
507 2001 605 2043 fore
642 2009 688 2042 ut
720 2002 850 2043 homo
891 2015 1033 2043 vanus
1071 2010 1114 2043 et
1147 2004 1432 2057 arrogantiae
1464 2005 1623 2060 plenus

145 2081 303 2121 victum
334 2094 361 2121 a
391 2093 442 2122 se
481 2093 636 2135 agrum
671 2078 843 2120 colendi
882 2079 1066 2121 scientia
1100 2081 1240 2122 virum
1281 2084 1527 2126 eruditione
1566 2100 1620 2127 ac

143 2159 341 2213 potentia
370 2159 584 2213 insignem
617 2158 902 2213 gloriaretur„
943 2159 1060 2213 quod
1095 2161 1280 2213 praedia
1314 2164 1496 2218 egregia
1523 2172 1620 2208 arte

143 2239 431 2292 reddidisset,
468 2252 581 2293 quae
617 2253 671 2279 ne
704 2239 744 2278 in
775 2238 982 2292 pessimis
1015 2239 1188 2293 quidem
1220 2240 1506 2297 elegantioris
1536 2243 1621 2286 soli

144 2317 228 2358 dici
251 2326 436 2371 possent
461 2318 485 2359 i.
504 2330 542 2358 e.
575 2330 688 2371 quae
719 2315 788 2357 vel
821 2317 934 2357 inter
950 2317 1143 2370 pessima
1166 2318 1456 2362 deterioribus
1477 2336 1618 2364 annu-

143 2396 354 2438 meranda
384 2395 647 2436 viderentur.
707 2395 772 2434 Ita
803 2394 915 2434 enim
940 2394 1232 2449 explicandus
1263 2405 1331 2440 est
1352 2399 1479 2442 locus
1498 2400 1617 2457 §.50‚

143 2475 183 2515 in
215 2488 299 2530 quo
332 2472 525 2528 Silligius
556 2474 767 2515 immerito
798 2473 956 2516 haesit.

705 2587 770 2636 52
794 2611 839 2630 =
859 2586 1054 2635 ibidem.
1638 2622 1720 2663 233

208 2678 399 2744 quando
450 2684 498 2725 et
549 2684 719 2742 postea
763 2693 1117 2742 saepenumero
1166 2687 1398 2744 septenos
1446 2685 1612 2733 culeos

211 2769 398 2834 singula
426 2768 597 2834 iugera
635 2768 774 2836 [hoc
814 2775 908 2817 est
948 2770 1267 2835 amphoras
1313 2790 1339 2822 c
1355 2781 1612 2824 entenas

213 2857 667 2925 quadragenas]
703 2858 850 2908 musti
882 2859 1081 2908 dedere.
