1914 3237
725 166 839 204 Liber
869 167 1096 205 ΧΧΧῙἸΙ.
1564 159 1645 204 239

180 297 232 339 ab
264 298 355 352 ipso
387 295 589 350 scriptore
619 291 862 345 doceamur,
899 293 1043 347 quidni
1074 294 1230 335 vitreos
1261 298 1333 334 aut
1363 291 1457 333 vitri
1489 291 1645 332 similes

180 382 359 418 oculatos
388 375 518 416 fuisse
541 371 811 428 putabimus?
869 372 1016 426 Itaque
1049 386 1126 414 scr.
1159 375 1216 412 ab
1247 374 1424 413 oculis.

754 453 1085 508 202227,69.

247 539 562 590 Pestilentiae
600 552 724 602 quae
777 537 1121 587 obscuratione
1165 538 1284 587 solis
1333 537 1648 596 contrahitur,

247 631 389 694 ignes
427 629 467 677 si
503 627 639 684 fiant,
695 623 1049 675 multiformiter
1084 626 1304 674 auxiliari
1341 632 1524 677 certum
1558 631 1646 677 est.

292 716 553 758 Adverbium
601 713 937 765 ,multiformiter-⁴
981 714 1115 755 Plinio
1155 713 1423 756 obtruserunt
1464 716 1648 757 editores

184 795 498 850 refragantibus
526 792 751 835 codicibus,
784 793 830 834 In
862 791 887 832 d
919 792 1030 832 enim
1050 795 1288 840 multiforma
1312 793 1352 833 in
1378 795 1408 833 Β
1425 799 1653 843 multiformi

185 874 340 929 legitur
380 873 549 928 optime.
607 869 858 912 Pestilentia
896 869 1160 910 multiformis
1201 884 1294 911 esse
1327 876 1486 927 potest,
1530 874 1651 928 ignes

186 966 271 992 non
301 955 493 1006 possunt.
526 950 675 1005 ltaque
705 948 973 1003 pestilentiae
1004 949 1047 988 in
1076 948 1218 989 multis
1247 949 1336 989 eius
1366 949 1510 991 formis
1531 952 1652 1007 ignes

186 1030 383 1071 auxiliari
414 1028 493 1071 hoc
512 1028 638 1070 niodo
664 1027 877 1069 dicuntur:
908 1030 1019 1078 iones
1053 1031 1088 1068 Sl
1102 1029 1211 1076 flant
1232 1031 1475 1077 multiformi
1505 1044 1537 1070 α.
1563 1043 1596 1071 c.
1619 1044 1650 1071 e.

720 1170 878 1218 Llssfflt
910 1169 1102 1219 mvn.

296 1270 443 1311 Ultimi
475 1270 569 1312 libri
599 1284 725 1326 quam
744 1270 898 1310 misera
928 1270 981 1311 sit
1004 1269 1210 1323 condicio,
1240 1271 1348 1311 inter
1378 1285 1523 1313 omnes
1554 1286 1652 1314 con-

186 1354 282 1390 stat.
340 1348 475 1397 Quem
516 1363 643 1404 quum
682 1363 734 1389 ne
772 1348 798 1389 d
828 1348 996 1404 quidem
1046 1349 1282 1405 antiquiore
1326 1363 1453 1390 manu
1485 1351 1560 1392 sed
1588 1366 1652 1393 re-

186 1427 373 1468 centiore
403 1427 702 1482 interpolatum
734 1427 961 1480 contineat,
994 1427 1047 1468 ad
1078 1441 1207 1467 unum
1248 1427 1335 1468 fere
1366 1428 1654 1486 Bambergen-

187 1519 275 1546 sem
309 1518 362 1545 ex
392 1505 442 1546 iis
475 1506 545 1561 qui
577 1506 807 1546 etiamnum
847 1506 888 1546 in
919 1505 1185 1547 bibliothecis
1219 1505 1518 1560 adservantur,
1558 1523 1654 1550 con-

186 1583 436 1639 fugiendum
469 1590 545 1626 est.
604 1585 661 1625 At
691 1598 744 1625 ne
774 1585 809 1625 is
841 1583 1010 1639 quidem
1054 1584 1097 1625 in
1135 1584 1214 1625 hoc
1244 1584 1350 1625 libro
1388 1586 1535 1627 eadem
1574 1602 1656 1643 qua

186 1663 228 1703 in
259 1663 430 1718 reliquis
461 1663 724 1718 praestantia
754 1662 936 1716 excellit,
968 1663 1123 1718 quippe
1154 1663 1224 1718 qui
1254 1669 1295 1704 et
1325 1666 1535 1706 nonnullis
1552 1667 1655 1708 locis

185 1741 379 1782 videatur
410 1755 504 1782 esse
547 1742 825 1797 interpolatus
857 1746 898 1783 et
939 1741 1158 1797 permultis
1190 1741 1351 1783 lacunis
1383 1744 1579 1787 foedatus
1609 1754 1655 1789 ut

187 1819 369 1875 quadam
401 1834 455 1861 ex
485 1825 604 1873 parte
636 1822 824 1876 excerpti
843 1821 983 1876 potius
1009 1834 1134 1876 quam
1166 1821 1317 1876 integri
1348 1822 1441 1863 libri
1472 1828 1653 1879 speciem

186 1912 290 1953 prae
321 1911 367 1939 se
396 1899 517 1940 ferat.
577 1899 805 1954 Aliquanto
838 1905 981 1940 tamen
1011 1899 1201 1954 pluribus
1232 1900 1333 1941 locis
1355 1915 1480 1956 quam
1514 1917 1538 1944 a
1557 1905 1596 1945 S.
1624 1907 1653 1947 l.

186 1977 430 2018 conceditur
481 1978 681 2019 orationis
722 1991 819 2018 vere
856 1978 1078 2019 Plinianae
1124 1980 1305 2035 vestigia
1345 1980 1512 2022 videtur
1556 1996 1654 2023 con-

186 2055 329 2096 tinere.
389 2055 536 2111 Neque
576 2061 800 2111 praeterea
831 2057 1131 2098 contemnendi
1176 2063 1273 2098 sunt
1311 2058 1392 2100 duo
1433 2060 1600 2102 codices
1631 2076 1656 2102 a

190 2134 462 2189 Dalecampio
493 2134 685 2187 adhibiti,
717 2136 1030 2191 Manuscriptus
1062 2136 1146 2189 illc,
1178 2150 1303 2192 quem
1335 2151 1358 2178 a
1383 2137 1554 2180 Cuiacio
1586 2154 1654 2180 ac-

186 2217 371 2267 ceperat,
402 2217 444 2253 et
474 2212 684 2253 Fuxensis
715 2213 739 2254 i.
764 2213 1069 2257 e.T010sanus.
1101 2215 1432 2258 Laurentianum
1456 2219 1653 2260 collatum

186 2290 373 2331 nondum
404 2303 498 2332 esse
532 2290 654 2332 doleo
685 2291 970 2334 vehementer.

898 2375 939 2422 1.

251 2458 414 2508 multis
451 2459 583 2508 nulla
619 2460 693 2509 sui
729 2465 864 2526 parte
902 2460 1178 2511 mirabilior.

297 2552 358 2589 sne·
389 2548 543 2589 omittit
572 2548 620 2601 B,
652 2549 793 2604 itaque
825 2564 900 2590 nos
934 2564 1101 2605 quoque
1133 2551 1388 2592 omittemus,

472 2631 562 2677 4:
585 2632 671 2686 ’1,2.
714 2628 802 2687 (de
840 2644 1034 2693 gemma
1069 2628 1381 2691 Polycratis).

252 2744 313 2754 -·-
351 2717 716 2781 ostenduntque
745 2748 799 2751 —
838 2718 1158 2767 novissimum
1197 2732 1348 2782 prope
1384 2717 1544 2768 locum
1584 2724 1653 2768 tot

254 2804 485 2869 praelatis
521 2806 838 2855 obtinentem.

1676 443 1753 484 811

1682 2641 1763 2683 813
