1914 3237
136 2232 213 2272 104

240 138 294 182 78
865 135 997 178 Liber
1027 136 1081 179 V.

240 272 328 304 tum
356 263 469 304 enim
498 261 628 303 abest
657 268 704 303 ut
732 261 945 303 orientem
971 275 1130 304 versus
1160 263 1288 305 situm
1318 261 1605 317 perhibeatur
1637 275 1714 317 op·

240 342 403 395 pidum,
433 347 481 383 ut
498 342 688 382 omnium
718 353 832 396 quae
861 340 933 382 hic
950 348 1352 385 commemorantur
1375 355 1506 382 unum
1528 342 1715 383 maxime

239 421 295 461 ad
333 420 611 462 occidentem
635 427 815 475 ⁴vergat.
888 420 1040 475 Itaque
1078 421 1249 463 etiamsi
1285 422 1326 463 in
1357 421 1559 462 omnibus
1593 420 1716 462 libris

239 499 348 541 Mss.
389 499 644 554 legerentur
680 500 818 541 verba
854 499 913 540 ad
943 501 1173 550 orientem,
1214 513 1297 554 pro
1337 501 1519 555 integris
1559 498 1716 539 haberi

238 593 325 619 non
358 586 556 633 possent.
630 578 762 633 Atqui
795 591 850 618 ex
877 579 930 620 iis
961 579 1134 633 quidem
1165 579 1288 620 libris
1321 594 1430 634 quos
1464 578 1716 619 accuratius

238 658 427 699 collatos
473 657 670 699 adhibuit
711 656 905 710 Silligius
945 658 1076 710 (nam
1112 657 1153 698 in
1190 658 1286 700 aliis
1325 671 1500 713 quoque
1533 666 1715 698 exstare

236 744 510 780 vetustarum
541 737 775 779 editionum
808 749 1031 778 consensu
1063 737 1308 790 indicatur)
1342 738 1382 778 in
1416 751 1501 778 uno
1537 736 1574 777 D
1605 736 1717 791 legi-

237 827 308 859 tur
338 817 566 869 orientem3
600 815 697 856 Ral
728 815 898 874 ‚habent
932 813 1161 864 Orontem,
1196 814 1436 855 Orontltem
1467 816 1492 855 d
1527 829 1716 870 quocun]

237 896 495 938 Toletanum
527 894 789 950 conspirare
822 893 967 935 licebit
1000 901 1122 934 certe
1160 894 1203 934 in
1233 892 1328 935 VV.
1353 893 1448 934 DD.
1480 894 1654 935 silentio
1691 908 1716 936 e

238 982 453 1018 consueta
483 974 639 1014 horum
671 972 879 1014 librorum
918 961 1172 1014 concordia
1192 970 1414 1026 colligere.
1483 973 1587 1029 Iam.
1606 987 1715 1014 vero

236 1063 423 1114 utraque
451 1054 573 1102 urbs,
603 1060 645 1094 et
675 1051 921 1107 Epiphania
938 1060 980 1092 et
995 1052 1238 1099 Laodicea,
1267 1067 1316 1095 re
1349 1067 1454 1095 vera
1485 1055 1549 1095 ad.
1572 1054 1715 1097 Oron-

237 1142 320 1176 tem
352 1135 437 1176 sita
468 1132 570 1175 fuit:
601 1133 750 1187 itaque
781 1131 1029 1173 certissima
1045 1132 1351 1178 emendatione
1382 1133 1436 1174 ud
1460 1132 1716 1187 alterutram

239 1215 463 1268 scriptura
504 1211 562 1252 ml
600 1210 811 1253 Orontem
843 1210 1065 1252 referatur
1093 1225 1284 1252 necesse
1314 1219 1393 1253 est.
1454 1213 1610 1267 Neque
1640 1213 1715 1253 du-

237 1293 470 1335 bitabimus
508 1291 608 1346 quin
646 1289 1035 1344 Epiplzanensibus
1079 1291 1384 1333 attribuamus.
1480 1290 1716 1332 Laodiceni

238 1374 351 1415 enim
374 1372 431 1413 ad
445 1371 661 1412 Libanum
693 1369 989 1425 cognominati
1020 1369 1074 1410 ab
1106 1371 1215 1411 urbe
1246 1370 1460 1411 maritima
1490 1370 1575 1410 iam
1605 1370 1715 1410 satis

238 1453 429 1495 distincti
461 1458 583 1504 sunt,
612 1448 862 1504 Epiphania
891 1455 1037 1500 autem
1069 1449 1123 1490 ab
1156 1449 1320 1503 oppido
1359 1448 1619 1503 cognomine
1647 1448 1715 1490 Ci-

237 1534 365 1574 liciae
396 1530 573 1571 flumine
603 1528 827 1571 nominato
860 1528 1088 1583 commode
1122 1528 1403 1570 discernitur.
1438 1526 1716 1584 Epiphanea-

237 1626 305 1653 ses
335 1611 458 1660 dico,
495 1621 600 1652 nam
633 1621 729 1649 eam
761 1605 965 1648 vocabuli
1002 1606 1189 1664 formam
1219 1621 1243 1648 e
1272 1606 1450 1649 Graeco
1475 1606 1716 1665 Ἐπιφαυεῒς

236 1700 340 1747 apte
366 1690 496 1730 ducta
527 1701 682 1737 omnes
703 1686 800 1728 libri
820 1686 931 1728 Mss.
948 1687 1056 1726 mira
1086 1686 1327 1727 concordia
1358 1685 1580 1741 exhibent,
1610 1686 1716 1742 Epi-

233 1769 503 1826 phunoenses
537 1765 731 1822 appellat
761 1765 973 1820 Silligius‚
1006 1765 1132 1820 quasi
1157 1778 1265 1807 vero
1290 1764 1546 1818 Ἔπιφάυοια
1575 1778 1716 1810 voca-

237 1858 357 1891 retur
391 1849 496 1889 urbs
528 1846 647 1888 haud
678 1844 893 1900 ignobilis.
953 1843 1030 1886 Sic
1061 1843 1192 1898 igitur
1228 1842 1349 1884 Plinii
1377 1845 1518 1885 verba
1549 1845 1715 1902 constui-

237 1928 297 1970 tui
326 1933 522 1984 oportet:
1162 1976 1165 1979 Ι
1186 1977 1187 1980 ¹

292 2017 574 2066 Beroeenses,
615 2013 784 2070 Epiph
796 2027 1019 2054 (menses
1050 2012 1113 2053 ad
1144 2009 1416 2062 Orontem,
1447 2012 1715 2054 Laodicenos

290 2097 367 2157 qm‘
395 2095 452 2136 ad
481 2094 700 2136 Libanum
731 2093 1092 2150 coquominantur
1125 2090 1202 2135 rel.

805 2217 868 2268 83
889 2238 941 2260 =
960 2215 1040 2278 24,
1064 2195 1142 2264 20.

307 2333 481 2398 Oritur
512 2332 866 2399 (Euphrates)
898 2331 947 2380 in
979 2330 1291 2396 praefectura
1322 2330 1714 2394 Armeniaema-

305 2423 423 2472 ioris
455 2423 760 2483 Caranitide,
808 2432 860 2471 ut
895 2421 1161 2487 prodidere
1192 2439 1254 2470 ex
1283 2422 1342 2470 iis
1375 2422 1456 2486 qui
1489 2422 1712 2486 proxime

307 2514 552 2576 viderant,
597 2513 844 2562 Domitius
882 2514 1096 2561 Corbulo
1133 2512 1181 2560 in
1219 2520 1381 2561 monte
1415 2514 1544 2573 Aba,
1580 2512 1712 2562 Lici-

305 2605 413 2652 nius
450 2604 711 2653 Mucianus
753 2606 843 2653 sub
878 2604 1126 2653 radicibus
1165 2605 1340 2653 montis
1375 2620 1517 2670 quem
1556 2604 1711 2667 Capo-

305 2702 385 2744 ten
418 2697 644 2759 appellat,
675 2712 825 2760 supra
854 2695 1095 2753 Zimaram
1128 2696 1246 2744 XII
1274 2695 1326 2743 M
1345 2712 1418 2760 p.,
1451 2692 1588 2741 initio
1612 2694 1710 2758 Py-

260 2830 262 2832 ,
303 2793 504 2835 xurates
543 2786 830 2834 nominatus.
879 2786 1014 2835 Fluit
1050 2788 1344 2835 Dcrxcnen
1382 2784 1589 2849 primum
1625 2789 1705 2831 rel.
