1914 3237
265 146 345 188 142
852 144 969 184 Liber
998 146 1083 186 XX
1093 147 1133 186 V.

265 292 305 332 p.
338 278 385 318 *ii
420 290 507 330 sqq.
568 274 714 316 Obiter
744 287 894 316 moneo
927 274 963 328 ξ.
999 274 1078 317 135
1108 286 1131 313 e
1161 274 1282 315 bonis
1313 273 1726 315 libris-scribendum

266 368 358 394 esse
403 357 529 393 iuncis
566 357 819 405 tenuissimis,
863 356 992 400 (iunci
1023 351 1084 406 R)
1127 353 1163 405 ξ.
1194 352 1275 394 140
1312 352 1496 392 omnium
1529 351 1726 392 librorum

266 431 512 485 scripturam
544 433 780 483 chrysallion
814 430 880 470 vel
910 432 1136 482 chrys-(dion
1167 443 1274 484 quac
1292 429 1429 470 indice
1447 429 1728 480 confirmatur,

264 507 316 548 ab
350 507 602 560 editoribus,
647 508 757 548 male
782 509 822 548 in
854 511 1082 559 crystallion
1113 512 1316 548 mutatam
1350 507 1581 548 rectissime
1613 506 1665 547 ab
1696 507 1727 546 Ι.

265 586 440 627 restitui.
499 585 653 633 Quidni
703 586 813 625 enim
859 585 901 625 in
945 584 1084 625 nothis
1114 583 1376 625 Dioscoridis
1406 584 1476 626 IV.
1508 585 1561 627 70
1600 583 1727 624 errari

264 664 428 718 potuit?
458 663 599 718 Atque
619 669 664 703 ut
685 662 854 703 omnino
877 662 918 702 in
939 661 1003 702 his
1026 661 1264 702 nominibus
1290 661 1547 716 corrigendis
1565 674 1728 701 summa

264 742 459 782 cautione
490 754 595 795 opus
629 746 704 793 est,
736 741 795 780 ita
824 752 877 780 ne
905 740 947 779 in
979 740 1014 792 ξ.
1056 740 1127 780 144
1157 739 1327 794 quidem
1359 739 1513 780 bonum
1546 738 1726 779 vocabu-

264 819 349 860 lum
381 831 547 871 acomn,
578 818 689 873 quod
720 818 760 857 in
791 816 928 858 indice
960 818 1188 871 repetitur,
1221 818 1482 858 mutaverim.

155 928 234 971 543
834 898 924 945 145
944 916 1003 936 =
1028 897 1182 954 13‚92.

332 1000 388 1032 ea
431 982 618 1047 (asyla)
662 997 690 1030 a
726 983 904 1032 nostris
941 983 1072 1031 ferus
1111 982 1284 1032 oculus
1323 988 1541 1031 vocatur.

371 1075 472 1121 feris
519 1075 644 1113 ocu-lis
690 1070 811 1112 codd.
870 1070 1002 1111 Iidem
1034 1071 1075 1111 in
1120 1070 1259 1111 indice
1285 1073 1407 1124 felix,
1454 1073 1568 1122 felis,
1615 1072 1728 1119 sellis:

267 1149 546 1192 Scribendum
579 1154 643 1190 est
672 1149 799 1204 igitur
824 1152 960 1198 felix
990 1153 1139 1191 oculus.

855 1229 947 1277 148
976 1248 1019 1265 =
1044 1230 1197 1285 13‚94.

334 1315 488 1365 Huius
525 1314 638 1365 folia
690 1314 824 1374 alba,
875 1315 1073 1364 alterius
1128 1314 1298 1363 latiora
1334 1318 1385 1363 ut
1436 1313 1616 1378 lapathi
1659 1329 1734 1362 sa-

330 1405 477 1454 tivae.

378 1492 687 1546 Mandragorae
717 1491 900 1532 feminae
928 1491 993 1532 vel
1025 1490 1171 1545 nigrae
1201 1490 1301 1530 folia
1332 1490 1577 1544 angustiora
1607 1503 1732 1545 quam

158 1263 239 1307 544

268 1571 457 1612 lactucae
488 1570 589 1611 folia
620 1570 885 1625 appellantur
915 1569 1076 1623 §.147,
1109 1568 1350 1623 στενώτερα
1385 1571 1457 1610 καὶ
1501 1568 1733 1624 μικρότερα

268 1664 293 1690 a
324 1650 514 1689 Dioscor.
546 1648 615 1690 lV.
649 1648 721 1701 763
753 1646 922 1688 candidi
951 1647 1134 1701 μεγάλα,
1163 1646 1297 1688 λευκά
1337 1646 1388 1687 ab
1420 1646 1582 1688 eodem.
1614 1645 1735 1687 Nunc

268 1729 407 1784 igitur,
438 1727 507 1767 ubi
541 1726 592 1768 de
622 1740 738 1766 mare
769 1738 907 1767 sermo
938 1730 1015 1777 est,
1049 1724 1256 1765 scribatur
1285 1730 1469 1779 oportet:

323 1809 452 1846 Huius
481 1808 698 1846 alterius
723 1808 827 1854 solla
851 1807 957 1856 alba,
988 1808 1135 1844 latiora
1158 1807 1236 1844 etc.

160 1880 238 1924 545
817 1885 910 1937 149,
928 1902 970 1920 =
997 1881 1192 1930 ibidem.

335 1971 460 2021 odor
495 1970 660 2034 gravis
699 1970 756 2028 ei,
795 1970 885 2019 sed
920 1969 1100 2018 radicis
1137 1973 1184 2032 et
1219 1967 1328 2017 mali
1365 1969 1577 2033 gravior.
1616 1967 1737 2017 Mala

337 2064 522 2108 matura
557 2062 648 2107 etc.

381 2149 445 2188 Ita
476 2146 576 2198 Sili,
624 2146 711 2188 Ian.
741 2148 935 2198 μναυὶον,
981 2154 1017 2185 et
1057 2148 1139 2185 albi
1189 2149 1295 2185 mala
1346 2153 1522 2197 malurn,
1562 2149 1738 2199 uterque

272 2225 395 2266 male.
456 2223 625 2265 Codicis
672 2224 782 2264 enim
829 2236 854 2263 a
897 2224 1125 2278 scriptura,
1182 2222 1306 2263 modo
1353 2223 1568 2277 vulgatam
1612 2203 1771 2262 inter-⁸

272 2303 543 2359 punctionem
576 2300 820 2353 mutaveris,
850 2314 944 2341 cum
977 2300 1238 2342 Dioscoridis
1270 2301 1361 2341 loco
1394 2300 1467 2341 IV.
1499 2302 1552 2343 76
1582 2301 1738 2355 optime

274 2380 532 2422 conciliatur.
593 2378 773 2420 Candidi
808 2383 970 2419 tantum
1015 2378 1127 2419 mala
1157 2376 1296 2433 εὐώδη
1338 2379 1447 2432 μετὰ
1488 2378 1536 2420 δὲ
1574 2378 1740 2434 βάρους

273 2460 389 2508 τινός
420 2471 513 2499 esse
542 2457 682 2498 tradit.
742 2456 865 2504 Quod
894 2456 1056 2497 Plinius
1087 2457 1147 2497 ita
1177 2456 1405 2510 expressit:

329 2540 430 2577 odor
448 2539 583 2587 yram's
612 2539 740 2585 eius,
771 2542 808 2575 el
825 2538 978 2575 radicis
1002 2542 1038 2574 el
1059 2538 1151 2574 mali
1176 2538 1340 2584 yrave'or
1369 2548 1436 2575 ex
1465 2537 1588 2576 albo.
1631 2538 1738 2575 Mala

328 2622 483 2655 matura
515 2619 594 2654 etc.

383 2691 606 2732 Proximus
638 2704 789 2731 sensus
826 2690 896 2745 qui
927 2703 1037 2730 nunc
1068 2689 1192 2744 vulgo
1223 2689 1376 2743 legitur
1406 2701 1431 2729 a
1463 2688 1646 2730 Bai-baro
1677 2691 1738 2731 in-

276 2770 508 2826 terpolatus
540 2773 624 2809 est:
