1914 3237
760 191 880 230 Liber
910 190 1002 229 XX.
1560 186 1614 230 97

149 320 229 368 Qui
271 320 330 361 sic
370 319 534 360 scribit:
592 323 763 373 φακοῦς
802 317 884 360 σὺν
921 319 1059 370 μέλιτι
1093 315 1114 371 ἢ
1158 316 1246 366 ὄξει
1280 318 1612 369 (καθαίρουσι).

150 400 229 439 Pro
268 397 389 438 melle
430 397 572 437 vinum
602 395 760 435 Plinius
799 395 1051 445 nominavit,
1093 395 1269 434 alterum
1308 408 1461 435 nomen
1501 394 1614 435 haud

150 475 276 516 dubie
306 473 611 515 restituendum
644 477 728 525 est,
771 476 813 514 et
842 485 916 527 pro
947 485 1032 513 cum
1062 475 1192 513 icocto
1223 471 1449 526 legendum

205 567 291 594 cum
325 559 480 593 aceto.

258 631 305 671 In
336 630 373 684 ἕ.
406 629 486 672 109
524 629 712 670 neutrius
745 627 916 670 editoris
964 629 1217 668 sententiam
1249 631 1380 668 totam
1406 627 1536 681 probo
1574 632 1616 668 et

149 708 201 749 ab
231 707 334 748 Iano
376 713 551 749 eatenus
592 711 754 748 tantum
786 705 1012 756 dissentio,
1051 710 1096 745 ut
1132 709 1272 746 radice
1303 732 1352 737 —m
1380 712 1478 756 pota
1518 719 1615 746 con-

148 788 320 841 iungam
353 786 483 827 libero
515 786 584 826 illo
618 784 788 825 ablativi
828 783 1008 824 absoluti
1042 796 1118 822 usu
1150 796 1230 837 quo
1263 782 1423 822 Plinius
1455 783 1494 822 in
1535 783 1615 837 pri-

148 865 227 905 mis
259 863 504 905 delectatur.

712 973 803 1021 113
823 988 877 1007 =
900 973 1053 1029 11,42.

214 1074 309 1108 non
346 1058 477 1106 aliud
516 1088 573 1092 —
598 1059 644 1106 in
684 1061 863 1109 niaiore
894 1057 1240 1107 sententiarum
1266 1056 1496 1104 varietate
1525 1061 1613 1106 est.

214 1147 538 1211 Distinguitur
566 1163 688 1197 sexu
726 1153 818 1197 etc,

256 1237 321 1277 Ita
351 1235 437 1276 Sill.
466 1234 630 1276 Gelenii
663 1236 830 1276 codices
863 1239 1032 1275 secutus
1064 1234 1241 1288 scripsit.
1277 1233 1378 1276 God.
1412 1246 1437 1273 a
1466 1231 1614 1272 habet:

146 1319 371 1357 auclore'lcts
401 1321 457 1353 est
483 1317 753 1368 (lislinyue'lur,
783 1314 872 1356 cod.
896 1313 921 1353 d
940 1317 1113 1354 varietus
1138 1316 1404 1362 ιῖίςίῖηφιιὶίιιν.
1437 1313 1482 1352 In
1501 1315 1615 1351 utro-

148 1409 227 1450 que
257 1393 362 1434 libro
392 1406 522 1432 unum
553 1393 802 1434 vocabulum
835 1391 1002 1444 excidit,
1033 1405 1129 1432 nam
1164 1392 1388 1432 lacunosos
1420 1403 1515 1430 esse
1547 1403 1615 1429 co-

148 1473 263 1514 dices
295 1472 422 1512 etiam
454 1472 491 1526 ξ.
522 1473 600 1515 117
639 1471 957 1527 comprobatur,
1003 1471 1074 1511 ubi
1100 1474 1273 1522 palmum
1305 1471 1345 1510 in
1377 1468 1411 1509 Τ
1434 1482 1458 1509 a
1482 1467 1507 1508 d
1548 1467 1615 1507 de-

147 1555 223 1593 est.
284 1549 561 1591 Scribendum
594 1551 691 1591 erit:

202 1634 396 1670 varietate
426 1637 492 1669 est.
552 1633 857 1670 Auctoritas
887 1632 1145 1679 (listinyuitur
1174 1651 1226 1658 -

148 1722 306 1749 marem
338 1708 448 1749 enim
481 1708 816 1748 innocentiorem
847 1720 941 1747 esse
970 1707 1096 1762 paulo
1127 1705 1236 1747 infra
1258 1706 1449 1760 legimus.

712 1814 802 1861 113
821 1833 880 1852 =
902 1813 1056 1869 11,44.

259 1900 324 1940 De
364 1899 459 1954 apio
497 1898 674 1939 duorum
724 1898 1007 1951 medicorum,
1068 1897 1290 1953 Chrysippi
1339 1902 1380 1938 et
1414 1896 1618 1951 Dionysii,

150 1979 388 2019 sententiae
428 1982 717 2032 exponuntur,
776 1990 953 2032 quorum
999 1977 1104 2017 alter
1146 1976 1343 2016 feminam
1386 1980 1620 2017 vermiculos

149 2062 368 2108 monentem
399 2059 685 2114 appellaverit,
746 2056 852 2097 Tum
878 2057 938 2097 ita
968 2055 1176 2110 pergitur:

214 2139 356 2188 ambo
394 2144 617 2187 neutrum
653 2137 711 2187 ad
754 2137 891 2186 cibos
927 2133 1294 2192 admittendum,
1333 2134 1477 2183 innuo
1516 2149 1618 2182 oni-

216 2228 329 2276 nino
369 2227 529 2291 nefas;
583 2242 692 2275 nani
728 2226 774 2274 id
815 2225 1157 2274 defunctorum
1195 2221 1350 2288 epulis
1388 2222 1619 2271 feralibus

216 2315 426 2364 dicatum
480 2330 618 2373 esse,
675 2315 807 2363 visus
855 2328 1052 2377 quoque
1107 2312 1311 2361 claritati
1346 2311 1620 2369 inimicu1n3

219 2403 358 2452 caule
393 2404 600 2453 feminae
640 2402 935 2452 vermiculos
971 2402 1108 2466 gigni
1162 2401 1375 2465 ideoque
1415 2416 1502 2450 eos
1539 2401 1618 2465 qui

218 2493 408 2541 ederint
443 2491 752 2541 sterilescere
791 2496 881 2541 etc.

264 2580 359 2621 Non
390 2581 545 2622 idcirco
578 2581 861 2633 sterilescunt,
893 2580 991 2635 quia
1014 2578 1228 2621 vermiculi
1251 2578 1480 2632 gignuntur
1501 2579 1621 2620 caule

154 2659 349 2713 feminae,
392 2660 468 2700 sed
506 2660 603 2714 quia
647 2673 695 2700 eo
736 2659 848 2700 vesci
891 2659 1010 2699 nefas
1049 2662 1125 2698 est.
1184 2659 1331 2711 Itaque
1363 2671 1473 2712 quae
1514 2658 1621 2698 hanc

155 2739 406 2778 sententiam
477 2738 713 2792 impediunt
773 2736 902 2778 verba
965 2742 1078 2779 caule
1140 2762 1187 2767 ,-
1247 2740 1384 2789 yiym‘,
1452 2750 1621 2791 prorsus

154 2817 224 2858 illa
256 2818 424 2872 quidem
456 2830 787 2873 supervacanea,
819 2817 972 2871 quippe
1003 2829 1110 2871 quae
1142 2815 1252 2856 idem
1284 2819 1480 2869 repetant
1510 2820 1621 2874 quod

1368 2897 1394 2939 7

1645 969 1726 1012 436

1646 1837 1727 1880 437
