1914 3237
743 181 875 224 Liber
906 181 991 224 V1.
1549 177 1605 220 89

130 305 193 347 sis
224 318 345 348 saec.
374 304 490 361 XV)
527 303 728 346 exhibet:
763 303 849 345 ΒΤ
889 303 1043 360 legunt
1080 304 1137 345 ml
1171 310 1465 361 prospectum,
1507 303 1534 344 d
1564 309 1605 344 et

127 390 409 440 prospectum.
467 383 612 432 Quam
646 395 734 423 non
769 382 1070 436 corruptelam
1101 396 1207 437 eg0,
1253 384 1366 425 sicut
1394 382 1604 439 Sinigius,

130 440 214 504 s⁸ed
250 475 398 504 veram
435 474 781 516 germanamque
829 460 1067 502 lectionem
1111 474 1215 503 esse
1264 463 1477 512 arbitror,
1522 462 1605 503 etsi

130 540 351 595 vulgatam
383 538 558 582 facilius
590 539 803 595 explicari
841 540 1096 581 concedam.
1167 540 1284 588 Quid
1321 541 1433 581 enim
1468 541 1511 581 in
1552 555 1605 581 eo

130 631 266 661 sensu
304 618 611 673 reprehendas
652 632 782 675 quem
820 617 1029 674 suppleta
1060 632 1177 660 voce
1216 632 1353 679 usque
1392 619 1604 673 explicari

129 696 231 738 licet
285 698 367 748 „A
402 697 532 739 laeva
568 698 846 749 Adiabenes,
898 698 936 740 si
975 698 1149 754 quidem
1192 696 1383 752 Tigridis
1431 711 1607 738 cursum

129 777 430 830 Spectmen-is,
474 777 690 818 orientem
719 790 880 819 versus
913 776 1165 818 extenditur
1197 775 1347 817 Media
1380 790 1522 832 usque
1552 777 1608 817 ad

130 862 304 896 montes
353 854 646 898 Cadusiorum
687 863 730 898 et
769 855 1031 911 Caspiorum
1074 854 1160 910 (cf.
1191 855 1230 911 ξ.
1245 853 1322 905 36,
1351 853 1422 898 39.
1450 861 1493 896 et
1516 854 1609 908 45),

131 935 247 976 unde
277 933 487 989 Caspium
518 949 639 977 mare
667 935 1000 991 prospicitur“2
1034 934 1249 977 Standum
1281 934 1363 976 erit
1392 934 1523 989 igitur
1552 934 1608 975 ab

131 1015 306 1070 optimis
334 1014 457 1056 libris
482 1021 525 1056 et
556 1015 860 1057 scribendum:

184 1118 241 1126 -—
270 1094 385 1149 reqio
414 1092 647 1133 Medmwn
675 1099 737 1134 est
762 1093 825 1134 ad
852 1098 1194 1150 prospectum
1228 1091 1376 1148 Caspii
1404 1092 1552 1134 maris.

242 1172 357 1229 §.47.
374 1177 628 1224 corruptam
647 1184 750 1212 esse
768 1179 974 1227 apparet,
991 1172 1070 1214 sed
1089 1171 1191 1227 quid
1206 1172 1263 1212 ibi
1282 1171 1518 1226 legendum
1537 1172 1608 1223 sit,

130 1251 417 1307 ingeniosiori
449 1250 543 1292 viro
571 1249 881 1292 inveniendum
914 1249 1129 1306 relinquo.
1171 1249 1289 1305 §.52
1315 1250 1499 1291 Icarum
1526 1250 1612 1292 ssu-

131 1343 232 1372 men
263 1343 481 1385 nusquam
515 1337 697 1384 praeter
726 1329 769 1370 h.
790 1328 816 1372 l.
845 1330 1019 1371 obvium
1050 1329 1092 1370 in
1125 1328 1339 1370 Bactrum
1380 1330 1610 1384 corrigen-

132 1409 233 1450 dum
265 1422 369 1451 esse
398 1409 597 1450 Ritterus
628 1408 706 1450 As.
732 1408 780 1452 11.
812 1424 853 1464 p.
874 1408 971 1451 560.
1009 1408 1254 1463 perspexit.
1320 1408 1376 1450 Et
1416 1424 1465 1452 re
1501 1423 1610 1452 vera

131 1502 220 1530 non
245 1487 430 1529 Icarum
458 1488 623 1530 habent
654 1488 784 1530 codd.
809 1487 941 1542 Mss.,
983 1488 1064 1529 sed
1095 1487 1280 1529 Iacrum
1310 1488 1351 1530 R
1384 1496 1426 1530 et
1457 1488 1610 1532 melius

134 1567 265 1609 etiam
293 1565 510 1608 [achram
539 1567 656 1610 TPd.

703 1668 1036 1731 58:17,21.

202 1757 414 1824 (Inde'a)
450 1759 694 1823 patefacta
729 1766 882 1807 est...
921 1766 970 1807 et
1005 1759 1110 1807 aliis
1141 1760 1426 1809 auctoribus
1451 1759 1610 1810 Grae-

204 1848 274 1898 cis
312 1847 394 1912 qui
432 1866 541 1897 cum
577 1849 776 1914 regibus
813 1849 996 1898 Indicis
1034 1851 1233 1913 morati,
1285 1851 1412 1899 sicut
1446 1850 1611 1915 Mega-

199 1939 399 1987 sthenes
436 1952 483 1987 et
518 1939 788 2005 Dionysius
827 1956 854 1988 a
881 1939 1207 2007 Philadelpho
1245 1942 1423 1990 missus
1461 1958 1524 1990 ex
1555 1958 1613 1988 ea

201 2045 364 2090 causa,
402 2029 532 2079 vires
568 2049 763 2096 quoque
801 2032 1018 2096 gentium
1046 2033 1332 2097 prodidere.

248 2119 375 2167 Quae
405 2121 581 2161 tandem
614 2135 753 2163 causa
784 2121 930 2173 fuerit,
963 2136 1043 2164 eur
1067 2123 1124 2163 ad
1152 2137 1286 2177 reges
1316 2123 1522 2164 Indorum
1552 2123 1612 2164 le-

135 2199 226 2254 gati
256 2199 554 2250 mitterentur,
596 2214 619 2241 e
653 2200 777 2241 Plinii
805 2201 953 2242 verbis
984 2215 1070 2241 non
1100 2200 1277 2242 elucere
1308 2209 1433 2242 recte
1464 2209 1613 2243 monet

137 2277 525 2320 Schwanbeckius
547 2278 612 2320 De
631 2278 926 2334 Megasthene
948 2279 1069 2333 p.·20.
1103 2280 1257 2335 Neque
1286 2293 1381 2321 eam
1415 2280 1612 2322 indicare

136 2356 178 2396 in
209 2357 351 2397 animo
384 2357 549 2412 habuit,
581 2359 662 2400 sed
692 2367 933 2414 propterea
962 2359 1082 2401 vires
1112 2359 1264 2413 populi
1295 2373 1348 2400 ae
1381 2359 1612 2400 multitudi-

136 2448 237 2475 nem
267 2436 520 2477 accuratius
550 2449 577 2477 a
604 2437 765 2492 legatis
808 2437 1000 2479 describi
1039 2439 1240 2491 potuisse
1271 2439 1468 2492 tradidit,
1505 2452 1613 2493 quo·

137 2515 253 2555 niam
295 2514 454 2556 diutius
490 2517 605 2570 apad
648 2530 781 2572 reges
823 2518 981 2558 morati
1025 2526 1195 2568 essent,
1248 2518 1396 2559 addita
1439 2517 1614 2559 seilicet

138 2605 276 2635 causa
305 2607 434 2648 quam
466 2592 534 2634 his
565 2596 712 2636 verbis
742 2596 785 2637 in
814 2595 984 2637 incerto
1016 2596 1191 2651 reliquit
1221 2597 1384 2639 Strabo
1409 2597 1457 2638 ll.
1481 2611 1520 2651 p.
1538 2596 1612 2637 70:

138 2671 424 2728 ὑπολιινήιιιατα
454 2674 524 2726 γῆς
555 2673 796 2730 ἀποδημίας
825 2674 1048 2717 κατέλιπον
1073 2676 1261 2730 τοιαῦτα,
1292 2675 1359 2730 ὑφ’
1383 2669 1430 2728 ἧς
1449 2674 1613 2728 δήποτε

140 2749 276 2800 αἰτίας
305 2751 609 2807 προαχῇέυτες.
655 2752 785 2795 Unde
814 2753 1101 2809 consequitur
1131 2755 1484 2809 interpunctione
1516 2769 1613 2797 cor-

141 2837 264 2870 recta
294 2830 529 2886 legendum
563 2846 689 2875 esse:
720 2833 891 2885 missus,
923 2847 979 2875 ex
1008 2847 1060 2875 ea
1090 2847 1223 2876 eausa
1250 2835 1363 2876 vires
1394 2834 1472 2876 rel.

1641 1676 1718 1716 120
