1914 3237
183 475 262 517 :1335

186 2244 265 2287 335

293 168 347 212 46
876 170 992 210 Liber
1029 171 1168 211 XVII.

292 298 443 340 Pinum
474 299 585 340 enim
617 303 659 340 et
701 299 768 341 hic
799 304 841 342 et
871 301 906 355 ἓ.
939 301 1019 345 235
1052 300 1152 343 dicit
1179 301 1363 357 πεύκην,
1404 314 1530 357 quam
1560 303 1659 345 alibi
1692 303 1751 344 la-

292 377 419 417 ricem
451 377 648 431 appellat.

850 449 936 494 241
964 463 1014 481 =
1036 449 1194 504 2538.

356 558 419 568 ——
456 535 502 579 et
538 529 667 580 oliva
702 532 749 580 in
786 537 938 582 toturn
976 533 1197 582 ambusta
1232 534 1407 583 revixit
1443 538 1490 583 et
1524 534 1569 582 in
1593 532 1754 583 Boeo-

358 618 423 666 tia
459 618 664 668 derosae
702 619 904 669 locustis
942 620 1019 669 slei
1055 621 1460 684 regerminavere,

292 705 412 753 Quae
443 706 568 760 paulo
599 711 697 747 ante
728 706 925 762 leguntur
954 707 1082 748 verba
1116 709 1242 749 Ianus
1280 722 1302 749 e
1332 709 1542 764 Theophr.
1576 709 1628 753 IL
1661 709 1697 751 3.
1731 711 1748 750 1

293 784 463 838 egregie
501 784 560 824 sic
591 784 773 826 correxit
816 785 931 837 ,fieus
977 784 1054 825 sub
1083 784 1208 825 foliis‘
1272 792 1364 831 (eos
1391 789 1463 826 sub
1492 788 1602 835 foliis
1631 799 1657 826 a
1686 785 1752 840 d).

292 860 454 902 Eodem
485 862 576 902 loco
609 862 735 902 etiam
768 861 822 902 ad
852 875 905 904 ea
935 875 1043 917 quae
1075 862 1200 905 modo
1228 862 1431 918 adscripsi
1454 863 1584 905 verba
1614 876 1755 905 emen-

293 938 434 980 danda
477 938 538 979 uti
580 943 759 994 poterat.
818 939 955 988 Quum
996 941 1106 982 enim
1150 940 1470 995 Theophrastus
1520 942 1554 995 ξ.
1586 944 1609 984 3
1650 940 1755 981 haec

293 1017 545 1058 narraverit:
581 1015 674 1058 οἷον
703 1014 814 1060 ἐλάα
835 1015 933 1061 ποτ’
965 1015 1281 1061 ἅποκαυθεῖσα
1306 1020 1461 1068 τελέως
1491 1017 1756 1074 ἀνεβλάστη-

293 1109 371 1137 σεν
402 1093 502 1150 ὅλη,
544 1098 618 1136 καὶ
647 1093 754 1150 αὐτὴ
785 1099 859 1138 καὶ
888 1094 911 1151 ἡ
941 1097 1094 1139 &al-la.
1140 1093 1187 1139 ἐν
1221 1096 1270 1138 δὲ
1306 1100 1355 1155 τῇ
1385 1101 1581 1154 Βοιωτίᾳ
1618 1112 1753 1138 κατα-

290 1175 554 1229 βρωθέντων
582 1177 668 1216 τῶν
708 1170 846 1230 ἕρνῶν
877 1171 949 1215 ὑπ’
989 1172 1232 1228 ἀττελέβων
1270 1175 1405 1218 πάλιν
1441 1173 1756 1229 ἀνεβλάστησε,

292 1251 450 1291 Plinius
491 1264 656 1306 quoque
691 1265 775 1292 non
815 1251 866 1292 de
904 1252 991 1292 ficis
1033 1252 1108 1293 sed
1144 1252 1195 1294 de
1235 1253 1345 1294 oliva
1394 1253 1506 1308 loqui
1543 1251 1756 1307 putandus

295 1334 371 1371 est.
431 1328 542 1376 Quid
581 1328 692 1384 quod
731 1329 797 1369 fici
834 1343 987 1370 nomen
1032 1343 1084 1370 ne
1124 1331 1164 1371 in
1205 1330 1422 1372 codicibus
1453 1330 1621 1385 quidem
1654 1329 1753 1372 Mss.

294 1407 522 1461 reperitur,
553 1407 622 1461 qui
651 1407 711 1447 ita
739 1407 923 1448 variant:
951 1412 1019 1457 fici
1052 1435 1055 1459 Ι
1084 1453 1086 1460 y
1123 1411 1125 1461 j
1163 1410 1166 1461 ᾗ
1199 1413 1512 1460 reyermimwere
1540 1408 1591 1449 D.

513 1488 600 1534 ficis
629 1488 688 1524 ire
715 1489 985 1535 yet-minavere
1017 1499 1041 1526 a

296 1562 591 1617 interpolatam
615 1562 726 1602 enim
747 1561 936 1604 codicum
956 1563 990 1603 T
1005 1562 1030 1603 d
1060 1563 1284 1605 lectionem
1314 1568 1428 1616 cytisi
1445 1568 1758 1614 reyerminavere

297 1640 426 1680 citare
458 1640 559 1680 nihil
590 1641 752 1682 attinet.
786 1642 833 1681 In
847 1645 950 1690 ficise‘
980 1642 1105 1696 igitur
1120 1655 1265 1683 vocem
1297 1642 1477 1697 aliquam
1507 1642 1639 1682 latere
1659 1654 1757 1681 oon-

296 1723 543 1759 sentaneum
573 1723 637 1759 est
667 1732 749 1773 qua
770 1718 976 1760 Graecam
1007 1718 1130 1776 ἔρνος
1151 1718 1312 1760 Plinius
1344 1720 1613 1775 expresserit,
1645 1732 1757 1760 eam-

295 1810 375 1851 que
413 1797 540 1837 talem
572 1810 678 1851 quae
709 1811 839 1852 prope
871 1797 924 1837 ad
955 1802 1172 1852 corruptos
1213 1798 1304 1839 illos
1335 1798 1569 1839 litterarum
1608 1797 1758 1837 duetus

296 1875 482 1915 accedat,
510 1873 659 1929 Neque
678 1888 729 1915 ea
747 1875 925 1916 difficilis
946 1876 1117 1916 inventu
1139 1880 1223 1916 est:
1257 1875 1406 1931 quodsi
1428 1878 1537 1916 enim
1558 1888 1754 1930 magnam

295 1954 526 1995 litterarum
548 1966 569 1994 o
592 1957 633 1993 et
654 1958 669 1993 t
687 1953 1000 1994 similitudinem
1018 1954 1278 2008 reputaveris
1293 1955 1356 2006 ²⁶²),
1387 1954 1502 1994 nulla
1518 1954 1606 1994 fere
1621 1957 1756 1993 muta-

296 2033 409 2073 tione
442 2045 464 2072 e
490 2035 593 2082 ficisz'
621 2031 710 2072 fieri
749 2031 957 2087 intelliges
987 2036 1114 2085 selus,
1173 2045 1254 2087 quo
1284 2031 1489 2072 vocabulo
1529 2045 1622 2072 cum
1653 2031 1758 2072 vites

297 2110 509 2164 describit,
541 2109 638 2152 inde
670 2124 696 2151 a
728 2110 764 2163 ἓ.
796 2110 874 2153 173
906 2110 1074 2165 saepius
1105 2123 1206 2150 usus
1238 2115 1314 2152 est.

855 2223 947 2270 251
967 2236 1022 2256 =
1042 2224 1198 2278 2242.

443 2314 661 2358 exactam
681 2308 820 2358 saleis
847 2309 1000 2358 aciem
1026 2314 1225 2373 utraque
1248 2323 1391 2357 manu
1410 2308 1757 2372 imprimentes,

381 2396 545 2439 Scribe:
577 2405 802 2450 exacutam,
835 2402 878 2438 ut
908 2398 1054 2449 §.265
1088 2397 1284 2438 Ceterum
1315 2410 1423 2451 quae
1454 2396 1570 2437 initio
1603 2396 1639 2449 ξ.
1666 2395 1757 2438 252.

296 2476 491 2530 leguntur
520 2488 653 2530 usque
685 2474 738 2515 ad
767 2490 803 2516 v,
824 2488 916 2515 ossa
946 2475 986 2515 in
1018 2476 1097 2516 hae
1130 2475 1316 2515 sectione
1337 2479 1426 2515 arte
1457 2488 1549 2514 cum
1580 2478 1759 2525 expletae

297 2552 525 2594 cohaerent
554 2553 719 2607 levique
750 2557 911 2594 tantum
944 2554 1062 2607 signo
1092 2552 1391 2608 distinguenda
1421 2557 1530 2592 sunt.

370 2669 406 2709 ¹⁸¹)
436 2669 486 2701 lta
512 2669 632 2701 statim
666 2670 695 2708 ἓ.
722 2668 789 2702 245
815 2669 853 2701 in
878 2666 956 2701 cod.
985 2678 1005 2699 a
1030 2667 1163 2711 legitur
1194 2669 1296 2708 Veni,
1338 2668 1372 2699 in
1401 2666 1421 2698 d
1454 2667 1566 2705 Vettii,
1603 2667 1690 2698 sicut
1719 2666 1758 2699 11.

441 2739 509 2773 194
540 2738 575 2770 in
605 2739 634 2770 lt
666 2741 772 2779 Veeli,
809 2740 843 2771 in
871 2737 931 2770 ad
964 2739 1081 2781 Vece1‘i7
1110 2739 1145 2770 in
1175 2735 1211 2770 A
1243 2739 1330 2778 Veli,
1372 2740 1466 2769 recte
1512 2739 1631 2768 autem
1666 2738 1760 2768 reme·

441 2809 548 2844 scribi
577 2820 621 2841 ex
648 2810 885 2852 inscriptione
911 2808 1006 2852 apud
1034 2808 1176 2841 Gruter.
1202 2818 1235 2851 p.
1264 2807 1307 2839 M.
1335 2806 1357 2841 8
1383 2805 1565 2850 colligitur
