1914 3237
324 162 378 204 42
924 162 1057 206 Liber
1083 163 1186 206 III.

324 286 474 327 sertim
505 285 624 340 quod
655 293 816 341 sponte
845 286 1125 342 intelligitur?
1183 286 1330 342 Atque
1363 286 1477 328 haec
1508 299 1645 329 causa
1671 288 1791 330 vide·

325 372 395 406 tur
430 364 587 415 fuisse,
625 379 703 407 cur
736 366 959 408 Pintianus
999 375 1042 408 et
1080 367 1393 421 Dalecampius
1430 367 1545 408 iusto
1577 367 1791 409 audacius

323 442 544 485 vocabula
572 445 747 486 Retinet
772 460 928 486 nomen
959 444 1145 487 delenda
1178 459 1281 487 esse
1313 453 1561 488 censerent.
1616 446 1789 487 Deinde

323 521 485 564 falsum
518 530 586 565 est
622 524 738 578 quod
771 538 797 565 a
827 524 962 565 Plinio
996 525 1109 565 tradi
1145 524 1330 566 videtur.
1400 525 1637 580 Postquam
1677 524 1789 565 enim

323 601 538 644 M.Varro
555 603 841 657 (legationum
863 602 1000 652 libris,
1026 609 1072 643 ut
1090 604 1290 658 equidem
1308 606 1510 653 arbitror,
1534 603 1586 644 cf.
1602 601 1790 644 Ritschl.

322 681 375 722 N.
391 681 661 722 Mus.Rhen.
679 680 750 723 Vl.
768 680 922 736 p.498)
952 682 1187 724 Liburniae
1220 690 1262 724 et
1279 682 1521 724 Dalmatiae
1552 682 1680 724 situm
1709 695 1792 736 po-

322 760 557 816 pulosque*
581 760 846 815 descripsit,
884 759 1010 802 bellis
1038 762 1093 802 ab
1124 761 1369 803 Octaviano
1409 762 1547 816 gestis
1584 774 1666 802 eae
1703 774 1792 801 mu-

322 841 512 882 tationes
540 839 686 880 sactae
718 845 833 893 sunt,
866 853 981 894 quae
1002 852 1025 879 a
1047 839 1186 881 Plinio
1217 848 1624 881 commemorantur.
1665 840 1792 887 Quae

321 919 452 972 igitur
484 918 688 959 nationes
718 917 772 957 ab
803 917 1070 970 imperatore
1103 918 1282 959 excisae
1314 925 1432 968 sunt,
1464 931 1490 959 a
1519 918 1692 959 nemine
1722 931 1791 959 re-

322 998 568 1038 centiorum
595 996 862 1049 scriptorum
892 995 953 1035 ita
977 996 1190 1036 nominari
1208 1004 1458 1052 potuerunt,
1489 997 1614 1051 quasi
1646 997 1792 1038 etiam-

321 1090 421 1117 num
452 1080 692 1117 exstarent.
751 1074 886 1129 Atqui
918 1086 943 1113 a
973 1074 1116 1115 multis
1146 1074 1365 1116 Taulantii
1395 1075 1687 1130 appellantur,
1714 1090 1790 1117 ve-

320 1155 398 1195 luti
423 1168 449 1195 a
479 1154 719 1208 Pomponio
752 1152 873 1193 Mela
892 1153 1077 1208 11.3.11‚
1109 1153 1360 1196 Ptolemaeo
1378 1155 1442 1196 111.
1461 1155 1570 1206 133,
1584 1156 1789 1210 Appiano

309 1233 533 1290 ⁴111y1·.16‚
572 1233 748 1289 proprie
779 1233 883 1274 dicti
912 1233 1045 1289 Illyrii
1076 1247 1102 1275 a
1132 1232 1270 1288 Mela,
1306 1234 1466 1289 Pyraei
1496 1235 1551 1276 ab
1583 1235 1789 1289 Appiano

320 1313 392 1369 qui
424 1313 687 1368 Pyrissaeos
718 1319 851 1354 vocat
878 1312 1053 1354 nomine
1082 1313 1200 1367 apud
1223 1304 1405 1354 Plinium
1435 1312 1632 1355 fortasse
1661 1315 1789 1355 resti-

321 1392 498 1432 tuendo.
556 1392 668 1434 Nam
698 1406 753 1434 ne
785 1393 882 1448 quis
912 1406 966 1433 ex
983 1392 1174 1446 Appiani
1197 1391 1300 1433 loeo
1324 1392 1589 1447 Pyrissaeos
1609 1400 1652 1434 et
1671 1392 1789 1434 Tau-

319 1470 479 1512 lantios
509 1470 810 1513 internecione
844 1471 1114 1526 exstirpatos
1146 1485 1249 1513 esse
1280 1470 1469 1526 colligat,
1500 1472 1715 1514 Naresios
1749 1480 1792 1514 et

320 1549 630 1603 Meleomanos
675 1550 934 1605 (Appianus
970 1549 1264 1605 Meooffce'vzvovg
1298 1551 1517 1604 nominat)
1565 1551 1790 1592 indicasse

318 1629 531 1684 sufficiat,
575 1630 647 1685 qui
677 1630 773 1685 pari
804 1628 1056 1670 conditione
1096 1629 1162 1670 usi
1193 1629 1312 1683 apud
1344 1628 1526 1670 Plinium
1561 1630 1675 1671 inter
1705 1629 1787 1672 sso-

318 1718 469 1751 rentes
501 1709 702 1751 civitates
734 1718 1060 1750 enumerantur.
1110 1708 1223 1756 Quid
1245 1707 1405 1749 multa?
1437 1708 1789 1763 interpunctione

318 1789 580 1830 medendum
612 1796 680 1829 est
709 1787 859 1829 verbis
889 1787 1124 1841 scriptoris
1157 1794 1200 1828 et
1232 1787 1539 1828 scribendum:

373 1867 439 1909 Eo
475 1881 663 1926 namque
700 1871 843 1906 tractu
883 1864 1009 1920 fuere
1046 1865 1290 1916 Labeatae,
1336 1864 1573 1918 Emlerini,
1615 1863 1785 1916 Sasaei,

376 1946 590 1988 Grabaei:
631 1945 887 2005 proprieque
921 1944 1028 1985 dicti
1056 1943 1207 1999 Illyrii
1234 1950 1276 1984 et
1307 1943 1533 1984 Taulantii
1559 1949 1601 1984 et
1628 1943 1791 2000 Pyraei

373 2024 469 2079 (vel
488 2024 737 2079 Pyrissaei)
770 2023 1010 2064 retinent
1037 2037 1207 2065 nomen.
1265 2022 1327 2063 In
1356 2037 1434 2062 ora
1465 2028 1547 2063 etc.

315 2105 524 2146 Retinent
550 2103 664 2145 enim
696 2102 824 2144 codd.
853 2101 918 2143 Td
949 2101 1167 2143 exhibent.
1231 2100 1401 2144 Eodem
1431 2101 1560 2143 modo
1576 2101 1611 2157 §.
1635 2100 1728 2142 145.
1759 2113 1786 2141 a

316 2184 467 2226 verbis
494 2182 558 2225 In
586 2197 665 2224 ora
693 2196 836 2225 novus
866 2194 1028 2223 sensus
1059 2180 1220 2235 incipit.

238 2295 295 2338 60
856 2284 953 2332 152
973 2304 1024 2327 =
1044 2283 1124 2344 26,
1149 2282 1228 2331 30.

385 2388 568 2436 Contra
612 2385 760 2433 Iader
814 2391 890 2432 est
933 2383 1078 2432 Lissa
1132 2389 1181 2431 et
1235 2398 1359 2448 quae
1422 2381 1783 2447 appellatae.

384 2479 568 2526 Contra
606 2476 853 2524 Liburnos
901 2475 1109 2522 Crateae
1154 2473 1336 2539 aliquot
1388 2489 1480 2522 nec
1525 2472 1784 2537 pauciores

383 2558 780 2628 Liburnicae,
819 2566 1133 2614 Celadussae.

427 2658 622 2712 Silligius
640 2657 910 2698 Harduinum
936 2661 1117 2697 secutus
1136 2653 1190 2694 ad
1209 2654 1245 2708 §.
1266 2652 1357 2695 140.
1386 2651 1600 2693 lectorem
1629 2647 1782 2699 refert,

314 2736 387 2779 ubi
408 2743 587 2791 praeter
606 2736 715 2777 alias
733 2734 988 2790 Absyrtium
1006 2741 1049 2774 et
1066 2732 1197 2774 Cissa
1214 2732 1295 2787 (ita
1314 2731 1426 2772 enim
1443 2729 1673 2784 legendum
1692 2728 1782 2781 est)

315 2815 459 2858 insula
484 2813 778 2856 nominantur.
815 2812 874 2855 At
890 2826 998 2853 vero
1015 2811 1195 2852 easdem
1215 2810 1335 2851 iuxta
1355 2808 1600 2850 Histrorum
1631 2819 1782 2861 agrum
