1914 3237
310 137 365 179 48
922 135 1053 178 Liber
1079 136 1167 179 IV.

316 257 541 300 Tlaerabne
575 258 747 313 legant,
789 259 946 315 procul
988 261 1119 303 dubio
1156 260 1394 316 legitimum
1435 261 1584 317 oppidi
1618 275 1778 305 nomen

315 336 554 393 Therapne,
585 338 702 393 quod
729 338 858 380 etiam
890 338 1066 381 Solinus
1084 353 1123 381 c.
1141 339 1206 382 ⁶22.
1237 339 1430 390 exhibet,
1459 340 1778 383 restituendum

309 422 388 458 est.
446 415 619 459 Deinde
657 416 852 473 Thyreae
881 417 1126 459 Salmasius
1147 418 1341 460 Exercit.
1370 433 1412 473 p.
1433 418 1522 463 139.
1552 420 1595 461 in
1613 419 1779 461 Thur-ia

308 495 558 536 mutandum
576 509 678 538 esse
696 496 818 548 vidit,
850 509 950 536 nam
967 495 1173 551 Thyreae
1192 497 1448 552 Argolidem
1478 512 1638 540 versus
1665 499 1778 541 sitae

307 580 448 624 erant,
479 573 644 616 Thuria
673 589 782 617 vero
814 588 901 616 non
930 574 1061 629 longe
1086 587 1111 615 a
1129 574 1303 618 Pamiso
1329 589 1456 618 amne
1487 577 1693 632 distabat,
1724 577 1778 621 cf,

306 650 581 695 Strab.V111.
606 669 642 709 p.
656 653 763 705 360,
800 653 1083 695 Pausan.lV.
1105 653 1227 697 31.2.
1306 654 1513 697 Ceterum
1555 656 1776 711 antiquum

303 729 443 773 fuisse
473 732 621 774 vitium
653 734 748 775 cod.
771 733 812 774 A
842 741 886 774 et
913 732 1051 775 Solini
1081 732 1267 775 lectione
1298 734 1645 785 demonstratur,
1675 733 1777 776 licet

303 810 345 851 in
378 811 508 852 codd.
542 811 715 853 Gelenii
742 811 934 867 Thyrea,
970 813 1013 853 in
1042 812 1083 853 R
1116 812 1255 868 Tyrea
1284 814 1545 867 reperiatur.
1585 812 1777 855 Gravior

302 903 410 931 vero
441 890 574 932 totius
604 890 690 932 loci
723 898 792 932 est
822 890 1109 944 perturbatio,
1136 890 1286 945 inquo
1318 904 1406 932 non
1438 891 1568 932 modo
1595 891 1776 933 interio-

301 981 377 1010 res
406 968 496 1010 loci
526 983 625 1010 cum
655 968 881 1010 maritimis
912 968 1240 1010 confunduntur
1259 969 1339 1011 sed
1360 969 1624 1024 Cardamyle
1643 983 1773 1026 quam

302 1054 347 1089 et
383 1047 617 1090 Strabonis
653 1046 722 1091 1.1.
760 1054 803 1089 et
841 1047 1088 1090 Pausaniae
1123 1047 1193 1088 111.
1217 1047 1285 1092 26.
1304 1048 1342 1091 5.
1383 1056 1530 1091 aetate
1564 1049 1773 1092 floruisse

300 1134 490 1178 constat,
517 1127 630 1169 inter
661 1127 878 1170 exstincta
907 1127 1070 1182 oppida
1100 1134 1390 1169 enumeratur.
1448 1128 1575 1176 Quae
1605 1129 1773 1184 aliqua-

301 1213 430 1249 tenus
469 1207 628 1249 saltem
663 1220 688 1248 e
725 1206 863 1248 Solini
906 1207 1095 1261 epitome
1133 1212 1340 1261 poterunt
1385 1207 1626 1248 emendari.
1696 1207 1770 1250 1110

300 1286 413 1328 enim
443 1285 512 1330 1.1.
545 1293 649 1341 post
673 1285 907 1328 Taenaron
942 1286 1139 1328 nominat
1167 1285 1401 1335 Leuctras,
1427 1293 1514 1327 tum
1540 1286 1770 1342 Amyclas,

299 1365 520 1420 Spartam,
551 1365 828 1419 Therapnas,
853 1364 1050 1414 Pitanen,
1080 1370 1305 1418 postremo
1338 1377 1424 1405 non
1456 1366 1552 1406 sine
1583 1364 1768 1407 ridiculo

299 1458 452 1486 errore
488 1444 546 1485 ita
587 1445 756 1501 pergit:
803 1443 1005 1495 „Anthia
1036 1451 1079 1485 et
1110 1442 1399 1498 Cardamyle,
1441 1444 1513 1485 ubi
1549 1444 1768 1498 quondam

297 1522 423 1565 fuere
454 1522 646 1577 Thyrae,
679 1536 794 1564 nunc
820 1521 945 1563 locus
976 1522 1147 1572 dicitur,
1177 1523 1218 1563 in
1250 1537 1335 1578 quo
1371 1536 1485 1563 anno
1499 1523 1623 1564 XVII
1643 1523 1767 1578 regni

296 1602 473 1644 Romuli
504 1602 617 1643 inter
637 1602 837 1643 Laconas
856 1609 898 1642 et
916 1601 1108 1655 Argivos
1136 1600 1420 1641 memorabile
1450 1601 1610 1642 bellum
1643 1601 1767 1644 fuit.“

297 1682 589 1724 Scribendum
631 1688 718 1723 est:
766 1680 859 1731 „A.
890 1693 924 1721 e.
956 1678 1222 1733 Cardamyle
1259 1680 1333 1720 ubi
1369 1681 1588 1734 quondam
1625 1680 1765 1731 fuere,

295 1760 473 1815 Thyrae
496 1759 747 1814 (Thyreae)
780 1772 895 1799 nunc
922 1756 1048 1798 locus
1075 1757 1280 1802 ‹licam-,⁶⁶
1312 1757 1416 1798 lude
1433 1759 1766 1812 transponenda

295 1852 399 1881 esse
433 1837 555 1879 Plinii
585 1839 721 1879 verba
750 1838 791 1878 in
821 1837 939 1877 hunc
969 1836 1143 1876 modum
1168 1844 1373 1890 apparet:
1407 1836 1576 1892 Oppida
1596 1838 1764 1878 Taena-

294 1933 408 1970 rum,
439 1917 630 1959 Leuctra
661 1922 703 1958 et
732 1916 850 1957 intus
870 1913 1045 1971 Sparta,
1065 1914 1288 1970 Amyclae,
1307 1914 1489 1966 Pherae,
1523 1914 1764 1972 Therapne,

295 1997 451 2038 Pitane
470 1996 547 2039 rel.
593 1996 771 2038 Scilicet
800 2010 896 2038 eum
925 1994 1123 2035 ordinem
1153 1996 1290 2037 tenuit
1308 1995 1472 2036 Plinius
1503 2001 1550 2036 ut
1579 1995 1764 2049 primum

294 2077 518 2131 antiquum
556 2075 785 2118 Laconum
823 2088 977 2129 agrum
1021 2088 1161 2130 usque
1196 2074 1253 2114 ad
1297 2074 1506 2115 minorem
1543 2073 1762 2115 Pamisum

294 2156 587 2207 describeret,
618 2155 777 2197 deinde
807 2155 1033 2209 regionem
1059 2153 1384 2195 Messeniorum
1413 2166 1556 2207 usque
1588 2153 1644 2194 ad
1675 2166 1763 2194 ma-

293 2236 431 2278 iorem
452 2235 669 2277 Pamisum
701 2235 902 2287 adderet,
937 2248 1049 2291 quae
1081 2247 1195 2275 anno
1211 2231 1568 2274 DCCLXXVlll.
1588 2231 1761 2274 Messe-

293 2316 375 2357 niis
406 2315 579 2356 reddita
611 2322 679 2357 est
707 2314 788 2369 (cf.
814 2315 921 2357 Tac.
942 2311 1257 2366 Ann.1V.43)‚
1298 2310 1526 2365 Agrippae
1567 2310 1760 2353 fortasse

292 2395 619 2436 commentariis
650 2408 773 2445 usus,
804 2395 960 2449 quibus
992 2406 1047 2434 ea
1075 2391 1328 2433 Laconibus
1359 2391 1487 2431 tribui
1521 2397 1760 2432 consenta-

293 2488 419 2516 neum
451 2482 545 2515 erat
574 2487 687 2530 quae
717 2474 771 2515 ab
791 2473 1038 2515 Octaviano
1069 2472 1122 2513 iis
1153 2477 1277 2512 eraut
1309 2481 1545 2511 concessa.
1590 2468 1759 2511 Pheras

292 2553 403 2595 enim
434 2567 522 2595 11011
555 2566 652 2595 eam
674 2553 826 2594 urbem
855 2551 1183 2606 intelligendam
1210 2561 1312 2591 esse
1342 2554 1530 2602 apparet
1559 2560 1672 2602 quae
1701 2547 1758 2588 ad

291 2632 522 2673 Nedonem
553 2632 638 2674 sita
668 2631 747 2674 fuit
776 2632 858 2674 sed
891 2631 1075 2674 alteram
1095 2628 1294 2685 Amyclis
1323 2627 1525 2677 vicinam,
1557 2625 1758 2667 cf.Paus.

290 2709 487 2753 1V.16‚8.
538 2711 625 2752 lam
656 2712 785 2766 igitur
813 2724 944 2753 unum
971 2717 1111 2752 restat
1141 2710 1289 2751 vitium
1318 2707 1435 2763 quod
1463 2705 1546 2746 iam
1578 2703 1757 2747 Solinus

290 2791 333 2832 in
365 2804 448 2833 suo
479 2790 684 2847 exemplo
715 2791 981 2846 reperiebat,
1014 2803 1038 2832 e
1069 2789 1289 2832 Strabone
1309 2782 1592 2840 V111.p.360.
1622 2782 1755 2826 corri-
