1914 3237
223 246 250 285 4
842 235 1075 292 Praefatio.

227 364 500 407 Remanebat
536 369 680 403 tamen
724 361 910 402 molesta
947 360 1181 400 verborum
1229 356 1456 416 omniaque
1491 352 1598 394 haee
1630 355 1697 395 rei

224 442 417 498 publicae
452 440 698 482 collocatio.
764 440 913 494 ltaque
948 444 1181 491 postquam
1222 437 1262 475 in
1300 434 1398 475 cod.
1435 432 1570 485 Prag.
1605 431 1694 487 legi

227 520 422 574 comperi
465 519 586 559 haee
622 518 782 558 reicis
822 516 990 569 nobis,
1034 515 1208 556 omnino
1246 511 1418 553 lleraeo
1455 511 1692 558 assentior,

226 599 297 653 qui
327 599 445 639 initio
477 598 686 638 enuntiati
717 597 894 637 verbum
927 609 970 633 es
999 591 1290 646 supplendum
1319 602 1421 631 esse
1461 589 1692 630 existimat.

226 678 336 718 Nam
369 690 392 717 e
424 689 525 717 vera
557 676 776 728 scriptura
807 688 912 714 inum
945 686 1072 712 mucis
1105 683 1216 710 Nonis
1246 667 1376 708 facile
1408 668 1585 708 evenire
1614 682 1692 722 po·

227 755 328 804 tuit,
366 762 412 795 ut
450 754 589 807 primo
630 752 755 793 lieret
790 753 856 791 rei
881 766 918 806 p.
950 757 1011 799 et,
1059 749 1214 789 deinde
1245 748 1364 801 quod
1394 747 1434 787 in
1466 746 1563 787 cod.
1593 759 1619 786 a
1650 753 1693 786 et

225 831 509 873 murbacensi
541 830 747 872 scribitur
776 831 840 869 rei
862 834 1031 884 praeest
1059 835 1101 868 et
1132 827 1248 881 quod
1280 825 1411 879 vulgo
1442 824 1601 880 legitur
1629 825 1696 865 rei

222 909 417 965 publicae
441 915 495 958 et,
525 908 788 962 compendio
822 907 937 962 quod
970 919 1073 947 sese
1101 912 1201 945 ante
1233 904 1386 945 oculos
1417 903 1585 944 habere
1617 917 1691 957 pu-

225 990 374 1030 tabant
395 987 558 1027 librarii
581 987 693 1027 male
715 985 902 1039 expleto.
951 983 1159 1025 Eiusdem
1181 983 1343 1024 Ileraei
1368 984 1691 1024 coniecturam:

225 1082 409 1107 nomen
448 1065 588 1105 erasi
623 1063 717 1103 hoc
759 1062 875 1102 albo
924 1063 960 1118 ξ.
985 1062 1024 1103 6.
1066 1053 1198 1102 {ualde
1239 1061 1511 1115 probabilem
1550 1061 1690 1109 duco;

224 1144 417 1186 sortasse
450 1144 578 1184 etiam
611 1143 705 1198 §.7
735 1142 935 1183 lacunam
965 1148 1086 1182 recte
1117 1139 1352 1194 indagavit.

932 1266 979 1312 9.

290 1382 414 1429 Cum
451 1379 577 1443 apud
617 1379 849 1426 Catonem
887 1378 1020 1425 illum
1062 1376 1267 1424 ambitus
1306 1377 1494 1424 hostem
1532 1382 1581 1422 et
1612 1391 1688 1423 re-

286 1470 440 1534 pulsis
470 1477 707 1532 tamquam
740 1467 1003 1515 honoribus
1039 1467 1250 1530 indeptis
1285 1465 1576 1530 gaudentem
1604 1465 1698 1512 ssa*

287 1561 536 1625 grantibus
574 1557 780 1605 comitiis
818 1557 1047 1620 pecunias
1085 1557 1388 1620 deponerent
1430 1553 1688 1614 candidati,

285 1652 378 1698 hoc
414 1667 468 1697 se
500 1650 663 1696 facere
701 1646 830 1710 quod
868 1653 968 1693 tum
1005 1663 1110 1710 pro
1147 1645 1506 1694 innocentia
1539 1646 1688 1693 rebus

286 1738 505 1787 humanis
542 1753 779 1784 summum
818 1743 950 1783 esset
982 1737 1351 1799 profitebantur.

331 1848 572 1890 Vocabulis
609 1847 722 1903 quod
759 1853 848 1886 tum
893 1860 918 1887 a
949 1846 1113 1901 Silligio
1145 1860 1169 1888 e
1199 1847 1321 1888 libris
1351 1846 1461 1888 Mss.
1491 1847 1688 1900 receptis

218 1929 355 1970 verba
368 1926 502 1977 Plinii,
523 1933 567 1967 ut
583 1940 697 1966 nunc
718 1925 890 1980 quidem
910 1925 1129 1980 leguntur,
1143 1938 1306 1965 —nam
1324 1924 1455 1980 vulgo
1477 1925 1535 1966 ita
1556 1925 1687 1966 iuter-

218 2006 365 2060 polata
381 2012 524 2047 erant:
541 2019 618 2059 pro
637 2004 899 2053 innocentia,
914 2003 1026 2060 quod
1041 2003 1114 2045 rel.
1134 2029 1184 2033 —
1201 2017 1337 2045 sensu
1355 2010 1521 2045 carent.
1544 2004 1684 2050 Quem

217 2085 290 2126 ubi
322 2084 410 2125 levi
456 2083 799 2136 transpositione
827 2082 947 2123 sacta
977 2083 1213 2136 scripseris
1256 2082 1566 2123 innocentia
1595 2097 1686 2138 pro

219 2161 586 2215 elegantissimum
604 2161 922 2202 nanciscemur.
952 2160 1122 2202 Catone
1145 2161 1256 2202 enim
1273 2167 1482 2215 praetore
1499 2174 1538 2202 a.
1555 2159 1684 2201 DCC.

217 2241 487 2289 innocentia,
516 2239 687 2294 qualem
719 2240 891 2294 quidem
920 2253 993 2281 res
1017 2239 1233 2280 humanae
1251 2238 1475 2290 ferebant,
1503 2252 1553 2280 re
1577 2252 1685 2280 vera

216 2320 258 2360 in
296 2332 344 2360 re
382 2318 560 2372 publiea
597 2332 809 2358 summum
849 2317 994 2358 locum
1034 2318 1280 2368 obtinebat,
1329 2324 1459 2372 atquc
1499 2318 1684 2371 perditis

217 2397 451 2438 ambitione
474 2403 515 2437 ct
530 2396 834 2450 largitionibus
850 2397 1003 2436 civium
1024 2397 1231 2448 moribus,
1249 2391 1491 2449 temporum
1510 2396 1682 2437 ratione

216 2476 363 2516 habita
399 2474 469 2515 illa
508 2475 769 2528 praesertim
803 2476 990 2516 omnium
1020 2475 1223 2515 virtutum
1259 2481 1302 2515 et
1332 2487 1499 2515 summa
1530 2481 1572 2515 et
1609 2487 1683 2515 ra-

213 2556 386 2596 rissima
407 2554 560 2593 merito
585 2553 830 2595 videbatur.
875 2552 1020 2607 Atque
1050 2552 1166 2594 hanc
1195 2552 1336 2606 ipsam
1367 2565 1546 2594 causam
1578 2565 1682 2595 esse

214 2632 532 2687 profitebantur
551 2631 768 2672 candidati
789 2645 917 2685 quum
942 2631 1136 2685 grandes
1155 2632 1366 2686 pecunias
1385 2631 1544 2686 singuli
1563 2632 1681 2686 apud

216 2709 427 2751 Catonem
460 2709 733 2763 deponerent
763 2710 889 2763 eique
919 2709 1102 2750 liberum
1134 2708 1295 2750 multae
1324 2708 1548 2750 arbitrium
1579 2723 1680 2764 per·

213 2789 454 2841 mitterent,
497 2787 533 2828 si
563 2787 659 2842 quis
689 2786 897 2841 populum
927 2787 1182 2841 corrupisse
1209 2787 1455 2837 videretur;
1500 2787 1554 2830 cf.
1587 2787 1677 2832 Cic.

212 2867 266 2908 ad
297 2867 377 2915 Qu.
401 2865 452 2909 sr.
485 2864 625 2915 11.l5‚
657 2864 764 2908 Plut.
781 2879 819 2907 v.
837 2865 929 2908 Cat.
946 2866 1046 2907 min.
1064 2864 1131 2907 45.
