1914 3237
267 148 348 192 122
856 149 973 188 Liber
999 150 1144 188 XXII.

374 280 529 321 Nescio
559 293 632 320 cur
670 280 921 335 optimorum
952 279 1151 321 librorum
1194 279 1418 320 lectionem
1449 286 1548 319 taxo
1581 278 1665 331 (ita
1693 276 1732 318 R

228 390 243 407 ,
264 372 368 399 samo
390 358 448 402 V)
484 358 719 412 spreverint
751 357 946 400 editores.
988 359 1147 412 Fagum
1176 356 1287 398 enim
1318 369 1370 397 ne
1400 356 1531 397 altero
1562 355 1731 410 quidem

266 438 358 478 loco
406 435 522 476 XVI.
554 435 603 477 31
650 435 836 489 reperies
874 435 948 476 sed
997 435 1166 489 pinum,
1223 435 1398 489 primam
1437 434 1528 475 eius
1566 432 1732 488 generis

267 515 473 566 arborem,
504 513 623 554 cuius
655 518 776 554 sexta
799 512 914 554 XVI.
948 512 1001 555 ¹50
1031 517 1154 554 taxus
1189 512 1451 554 describitur.

156 591 237 634 489
804 593 896 640 100
930 607 985 626 =
1020 593 1182 648 23,48.

334 679 568 728 imbribus
606 679 898 742 proveniunt
947 677 1109 727 onmia
1144 676 1291 734 haee,
1346 675 1499 725 imbre
1552 681 1600 725 et
1651 675 1733 725 sil-

333 767 512 833 phium,
579 766 722 815 Venit
777 765 927 831 primo
965 783 991 815 e
1029 765 1255 829 Cyrenis,
1309 769 1358 813 ut
1411 763 1592 812 dietum
1624 769 1734 824 -est3

333 873 393 905 ex
431 854 573 919 Syria
625 870 753 903 nunc
799 854 1004 903 maxime
1048 853 1354 917 importatur,
1393 889 1403 900 .
1441 889 1450 900 .
1490 852 1733 902 exstincto

332 944 460 994 omni
497 944 789 1007 CyrenaicO,
828 948 878 991 ut
915 942 1137 990 diximus.

376 1032 440 1073 Ne
470 1031 538 1072 hic
569 1031 739 1087 quidem
768 1029 956 1085 putidam
989 1028 1358 1083 interpolationem
1378 1026 1562 1068 editores
1595 1032 1734 1069 sustu-

268 1112 417 1152 lerunt.
458 1109 686 1150 Vocabulis
717 1109 828 1150 enim
858 1122 878 1148 e
912 1112 1075 1161 Cyrenis
1105 1120 1213 1162 quae
1242 1119 1379 1161 neque
1409 1106 1452 1146 in
1481 1104 1568 1145 RV
1598 1119 1735 1161 neque

268 1190 308 1229 in
340 1188 365 1229 d
407 1187 677 1228 inveniuntur
713 1190 760 1226 ut
796 1199 872 1240 par
906 1189 971 1226 est
1006 1185 1173 1226 omissis
1211 1198 1294 1225 non
1332 1183 1452 1225 XIX.
1483 1183 1572 1235 3ss
1610 1197 1735 1238 quem

268 1267 405 1307 locum
438 1265 523 1306 Sill.
556 1265 708 1317 attulit,
740 1263 816 1304 sed
843 1263 962 1304 XIX.
993 1264 1044 1305 41
1075 1263 1228 1317 respici
1257 1261 1519 1317 intelligitur,
1564 1261 1634 1302 ubi
1666 1262 1734 1302 sil-

268 1344 411 1399 phium
442 1347 602 1396 ,natum
631 1342 765 1383 imbre
795 1342 929 1397 piceo‘
961 1341 1124 1383 dicitur.
1184 1338 1462 1381 Scribendum
1495 1344 1560 1380 est
1588 1339 1735 1394 igitur:

323 1424 357 1462 J.
379 1436 421 1473 p.
453 1434 488 1462 0.
519 1424 573 1473 la,
600 1424 722 1461 imbre
750 1428 788 1460 et
815 1423 995 1472 silphium
1017 1422 1120 1460 venie
1143 1422 1297 1470 primo,
1335 1425 1377 1457 ut
1406 1419 1550 1458 dictum
1583 1424 1662 1465 esl;
1703 1429 1735 1458 e.

325 1504 364 1542 S.
396 1514 433 1539 ii.
465 1503 545 1541 etc.
1504 1540 1505 1544 ,

378 1578 416 1632 §.
449 1577 527 1620 107
573 1575 729 1617 codicis
759 1574 798 1615 V
841 1574 1066 1616 lectionem
1105 1575 1359 1625 desperantia
1398 1575 1622 1613 cicatricem
1652 1572 1736 1613 iam

268 1656 366 1697 olim
398 1655 636 1696 Gronovius
663 1657 778 1694 recte
810 1651 886 1693 sed
916 1652 1073 1692 frustra
1101 1651 1366 1706 probaverat.

159 1742 240 1785 490
560 1735 652 1782 110
689 1755 732 1772 =
767 1733 926 1789 24,51.
974 1729 1066 1787 (de
1103 1745 1230 1793 aqua
1267 1728 1469 1788 mulsa).

335 1821 611 1886 Repentina
650 1849 701 1854 —
742 1817 1042 1883 praeclaram
1073 1816 1320 1867 utilitatem
1356 1817 1504 1866 habet
1540 1816 1587 1864 in
1627 1814 1736 1865 cibo

336 1908 693 1973 aegrotantium
730 1905 828 1955 levi
872 1905 968 1956 hoc
1005 1910 1079 1955 est
1123 1904 1277 1955 alicae
1315 1904 1500 1962 elutae,
1554 1903 1738 1953 viribus

336 1996 647 2053 recreandiS‚
703 1995 772 2044 ori
816 1993 1171 2056 stomachoque
1225 1991 1514 2051 mulcendo,
1577 1991 1738 2041 ardori

333 2083 683 2148 refrigerando.

379 2185 447 2213 ore
476 2171 575 2212 boni
604 2170 795 2223 codices,
837 2172 985 2210 ardore
1014 2168 1075 2221 R,
1107 2171 1276 2208 ardores
1304 2166 1459 2219 VTd,
1509 2164 1620 2221 quod
1659 2164 1739 2205 etsi

271 2252 408 2291 minus
447 2249 698 2291 concinnum
728 2249 831 2288 Iano
877 2246 1046 2302 placuit.
1105 2245 1293 2287 Tertium
1324 2244 1388 2284 his
1425 2243 1592 2285 casibus
1623 2242 1737 2283 abla-

273 2329 402 2369 tivum
434 2327 565 2368 addo:
596 2331 702 2368 alica
732 2330 836 2366 eluta
867 2324 931 2368 cll.
964 2325 1001 2379 ὃ.
1035 2323 1136 2376 1283
1168 2322 1409 2378 genetivum
1434 2321 1546 2363 enim
1576 2324 1673 2376 post
1701 2334 1737 2362 v.

271 2410 348 2447 lzoc
378 2414 435 2446 es!
458 2405 526 2446 vix
556 2403 777 2445 ferendum
809 2415 904 2444 esse
933 2401 1181 2457 putaverim.

383 2484 420 2536 §.
457 2484 532 2525 134
562 2485 826 2532 infundantur
855 2479 967 2536 quod
992 2482 1133 2520 exstat
1161 2478 1203 2519 in
1233 2477 1326 2519 RV
1346 2477 1371 2518 d
1402 2476 1666 2519 retinendum
1698 2479 1741 2516 et

275 2561 327 2602 ad
359 2561 548 2616 pastillos
578 2558 847 2600 referendum
878 2562 956 2599 est.

166 2634 244 2677 491
819 2670 910 2717 136
951 2698 987 2701 ⁴-
1034 2670 1192 2724 25,66.

342 2758 546 2811 'l'isanae
600 2772 724 2822 quae
761 2772 820 2806 ex
874 2755 1061 2805 hordeo
1112 2753 1163 2803 fit
1214 2752 1386 2803 laudes
1429 2780 1482 2787 —-
1521 2750 1740 2800 condidit
