1914 3237
0 469 2 519 l

726 174 846 213 Liber
881 173 1002 213 XIX.
1541 174 1589 216 71

128 301 222 341 coni
259 301 396 342 forma
435 315 590 342 nomen
627 301 784 342 habere
823 300 1030 342 videntur.
1089 305 1262 342 evellitur
1295 300 1381 342 sill.
1426 305 1539 342 recte
1571 315 1593 342 c

127 378 219 420 cod.
251 392 276 419 a
304 379 476 434 recepit.

238 457 272 509 ξ.
304 456 356 498 32
402 468 425 495 0
472 454 591 496 codd.
622 454 893 495 inserendum
939 459 1004 495 est
1046 458 1219 506 spatium
1266 469 1361 496 cum
1406 457 1591 511 vulgata,

127 546 308 587 namque
347 532 460 587 apud
489 532 716 586 Apuleium
756 537 853 587 post
891 533 1121 587 ,temporis‘
1173 537 1374 587 punctum
1412 534 1594 587 ponitur,

126 609 435 652 substantivum
464 614 635 665 propter
664 611 845 651 vicinam
875 623 1023 652 vocem
1051 612 1271 665 ,spartum‘
1296 611 1498 652 omissum
1517 616 1593 653 est.

126 688 161 743 ἓ.
192 688 246 732 37
286 692 399 729 recte
441 688 548 731 Pint.
591 688 758 743 scripsit
795 695 963 739 accepta
1003 695 1151 729 tantum
1198 692 1348 740 re'qm's,
1394 687 1507 743 quod
1544 687 1593 731 οὗ

124 766 343 824 πρότερον
380 770 484 823 πρὶν
523 765 546 822 ἢ
575 769 808 822 γενομένης
854 763 1097 822 ἐπομβρίας
1127 766 1449 821 Theophrastus
1480 767 1593 822 apud

124 845 393 886 Athenaeum
434 844 532 899 epit.
565 845 616 885 ΙΙ.
648 859 687 899 p.
719 844 772 887 62
818 844 995 886 dixerat.
1054 844 1152 886 Vox
1200 844 1311 885 enim
1358 851 1505 885 tantum
1552 846 1595 886 in

125 922 317 964 codicum
353 923 559 965 varietate
600 930 802 974 acceptam
839 927 1031 973 tur-rimas
1074 922 1141 963 vel
1187 930 1355 974 accepta
1403 927 1594 974 turriquis

124 1002 241 1043 latet.

716 1092 987 1148 38:3‚14.
1623 1102 1704 1144 386

190 1177 313 1228 Sunt
363 1181 409 1226 et
458 1178 505 1225 in
542 1178 804 1242 fungorum
857 1194 1042 1242 genere
1082 1177 1281 1227 Graecis
1336 1177 1452 1227 dicti
1507 1194 1594 1243 pe-

187 1267 320 1316 zicae
358 1294 421 1300 —

121 1355 240 1404 πέζις
280 1367 305 1395 a
346 1352 557 1408 Theophr.
588 1354 617 1393 1.
648 1352 684 1395 6.
716 1354 740 1396 5
779 1353 843 1394 cll.
874 1353 1029 1394 Athen.
1063 1353 1161 1408 epit.
1192 1351 1246 1393 II.
1277 1367 1314 1408 p.
1346 1354 1397 1397 61
1449 1355 1593 1410 appel-

120 1432 251 1484 latur,
296 1432 562 1472 accusativus
607 1432 760 1481 πέζιας
802 1430 915 1486 apud
947 1430 1218 1472 Athenaeum
1260 1432 1386 1487 vulgo
1426 1433 1592 1487 legitur,

121 1510 163 1550 in
205 1509 418 1551 codicibus
454 1511 631 1559 πέζικας
675 1514 716 1551 et
762 1509 940 1559 πεζικὰς
979 1509 1184 1551 scribitur.
1244 1509 1280 1551 E
1318 1514 1461 1552 nostro
1499 1512 1592 1552 loco

123 1592 299 1643 apparet
313 1587 360 1642 ἥς)
389 1587 565 1643 fungum
586 1601 610 1628 a
630 1587 891 1629 nominativo
922 1588 1046 1637 πέζιξ
1075 1589 1229 1637 πέζικα
1260 1588 1415 1641 vocari,
1450 1589 1592 1644 itaque

123 1665 235 1721 apud
264 1665 447 1706 Plinium
471 1670 631 1717 pezic‘es
660 1665 971 1706 restituendum
1002 1665 1094 1706 erit.

719 1769 776 1816 41
799 1791 858 1811 :=
873 1768 999 1825 3,15.
1622 1772 1703 1816 387

191 1855 553 1920 (laserpicium)
607 1855 735 1919 apud
772 1861 999 1904 auctores
1038 1853 1274 1903 Graeciae
1324 1855 1593 1905 evidentis-

187 1944 336 1993 simos
374 1942 650 1992 invenimus
687 1946 853 1991 natum
888 1942 1041 1991 imbre
1078 1941 1162 1991 rel.

230 2031 570 2085 Theophrastum
600 2031 673 2071 III.
706 2032 743 2072 1.
775 2030 799 2073 6
830 2030 948 2082 dicit,
999 2030 1069 2085 qui
1099 2030 1414 2071 vetustissimus
1446 2035 1592 2072 auctor

120 2110 210 2162 fuit,
253 2109 427 2151 evidens
460 2108 664 2163 appellari
695 2108 853 2163 nequit.
912 2107 1099 2149 Evidens
1133 2109 1244 2149 enim
1277 2112 1341 2149 est
1372 2109 1441 2163 qui
1470 2108 1591 2150 intel-

119 2189 262 2242 ligitur
284 2202 368 2229 non
388 2188 458 2243 qui
476 2186 685 2241 intelligit.
716 2187 863 2241 Itaque
883 2190 1205 2226 veluslz'ssz'mos
1232 2185 1372 2228 littera
1402 2200 1421 2227 e
1452 2200 1474 2228 0
1496 2201 1590 2241 pro-

119 2267 234 2307 xima
263 2279 366 2307 voce
418 2265 643 2319 adsumpta
675 2268 917 2318 corruptum
961 2277 1055 2305 esse
1077 2263 1371 2318 affirmarem,
1424 2265 1591 2306 etiamsi

121 2344 236 2384 nulla
268 2343 460 2384 codicum
500 2342 730 2383 auctoritas
771 2342 1004 2383 accederet.
1064 2341 1188 2389 Quod
1221 2355 1348 2397 quum
1393 2343 1434 2383 in
1468 2343 1588 2385 codd.

120 2423 154 2464 Τ
172 2421 198 2462 d
228 2422 440 2477 integrum
469 2421 649 2475 legatur,
681 2433 730 2461 eo
763 2420 914 2462 certius
944 2419 1232 2475 recipiendum
1265 2420 1355 2461 erit.

169 2605 208 2646 *)
237 2602 265 2636 Ε
292 2601 323 2646 3.
341 2600 385 2635 37
413 2600 585 2644 ‚tonitrua
616 2599 753 2640 crebra,
781 2602 865 2632 tunc
882 2599 993 2631 nasci‘
1020 2598 1215 2643 colligitur,
1244 2597 1339 2642 apud
1359 2597 1588 2632 Athenaeum

237 2674 273 2706 ll.
303 2672 489 2716 vulgatam
518 2670 711 2704 lectionem
735 2670 889 2713 βρονταὶ
916 2680 948 2713 p.
976 2668 1021 2704 62
1047 2669 1068 2702 b
1110 2669 1275 2714 σκληραὶ,
1305 2665 1382 2701 τότ(ζ
1412 2671 1585 2711 γίνεσθαι

238 2753 428 2787 perperam
457 2752 474 2774 a
503 2740 725 2774 Schneidero
762 2743 796 2773 et
829 2739 1020 2773 Dindorfio
1052 2741 1086 2772 in
1121 2740 1297 2783 βρονταὶ,
1335 2735 1473 2783 σκληρὰ
1508 2735 1587 2771 τότε

238 2814 416 2856 γίνεσθαι
441 2814 615 2846 mutatam
643 2821 734 2846 esse.
