1914 3237
119 2596 199 2638 494

238 150 316 193 124
822 155 937 192 Liber
956 155 1121 193 XXIII.

236 281 401 321 litterae
430 281 454 322 i.
486 293 522 320 e.
548 294 656 321 unus
674 281 890 336 archetypi
920 296 1066 323 versus
1092 297 1200 338 quae
1225 288 1498 339 praepostero
1519 285 1610 326 loco
1640 286 1702 326 in-

235 362 371 397 sertae
404 357 547 398 turbas
586 358 679 399 illas
711 359 994 414 concitarunt3
1035 365 1161 415 atque
1191 362 1385 403 restituto
1424 362 1571 403 ordine
1603 366 1701 405 seri-

237 434 420 475 bendum
452 435 552 475 erit:

290 514 409 553 Ratio
439 515 562 553 haec:
593 518 695 554 aceti
723 519 904 556 sextario
937 528 1011 555 uno
1043 501 1246 556 diluuntur
1267 521 1387 557 mellis
1414 522 1556 558 unciae
1574 521 1702 566 dicam

289 593 429 630 iustum
459 599 515 630 est
557 594 746 631 decoctae
779 595 942 640 scm-inae
987 597 1068 632 lotii
1095 598 1294 634 sextarios
1339 599 1439 635 (tuos
1484 610 1605 646 usque
1649 599 1706 636 ad

289 672 590 708 crassitudinem
623 673 871 720 calidumque
908 674 964 710 ita
1005 675 1228 722 temperatis
1263 677 1451 713 sextariis
1480 676 1604 714 tribus
1632 677 1702 714 im-

284 749 380 795 poni
410 748 627 787 dolentibus
655 752 849 787 membris.

791 810 951 885 mmm
999 837 1143 886 xxm.

343 923 410 964 Ad
439 923 549 964 hune
592 923 742 964 librum
774 924 1096 980 proximumque
1135 924 1446 966 emendandum
1488 925 1703 967 codicibus

234 1016 259 1042 a
290 1002 326 1039 V
357 1001 605 1055 praesertim
635 1002 840 1043 utendum
873 1006 961 1054 est,
1004 1016 1101 1042 nam
1141 1002 1231 1044 cod.
1263 1003 1302 1044 R
1333 1017 1357 1044 a
1396 1004 1487 1044 libri
1533 1003 1701 1046 demum

231 1079 355 1121 XXV
388 1080 423 1133 ξ.
455 1079 509 1122 30
550 1093 696 1120 rursus
725 1080 886 1135 incipit.
947 1079 1026 1127 Qui
1072 1093 1326 1136 quamquam
1366 1087 1463 1123 sunt
1500 1082 1609 1123 inter
1655 1096 1701 1123 se

233 1157 422 1198 bonitate
452 1157 540 1198 fere
570 1170 714 1212 pares,
746 1163 889 1199 tamen
920 1157 1015 1200 ood.'
1043 1171 1068 1198 a
1087 1158 1129 1198 in
1148 1171 1193 1199 re
1212 1158 1339 1199 dubia
1355 1160 1558 1200 maiorem
1575 1160 1701 1200 fidem

233 1235 394 1288 habeo,
439 1239 565 1290 atque
596 1240 821 1290 propterea
865 1236 1034 1290 saepius
1064 1236 1279 1291 vulgatam
1317 1238 1566 1292 scripturam
1596 1237 1700 1278 reei-

233 1313 429 1367 piendam
461 1326 559 1353 esse
594 1318 750 1365 statuo,
782 1314 861 1354 nisi
893 1319 936 1354 et
966 1327 1017 1354 ea
1046 1314 1205 1354 familia
1237 1328 1345 1369 quae
1376 1314 1497 1355 codd.
1529 1314 1605 1355 Td
1638 1328 1702 1355 re-

232 1395 527 1444 praesentatur
572 1395 613 1431 et
643 1391 735 1431 eod.
771 1394 808 1434 Θ
840 1391 911 1446 qui
941 1391 994 1432 ad
1024 1391 1280 1432 Vossianum
1325 1392 1495 1447 propius
1539 1392 1702 1434 aceedit

233 1468 356 1509 huius
386 1468 609 1510 lectionem
641 1469 990 1523 comprobaverit.
1038 1453 1123 1510 Eos
1144 1473 1286 1509 autem
1317 1469 1451 1522 locos,
1482 1470 1552 1511 ubi
1584 1484 1608 1510 a
1638 1484 1700 1512 re—

232 1546 357 1600 liquis
417 1546 646 1588 editoribus
705 1549 771 1587 vel
830 1547 1134 1601 antiquioribus
1191 1546 1258 1587 vel
1314 1560 1447 1602 nuper
1504 1549 1556 1589 ab
1597 1549 1699 1589 [ano

231 1624 385 1664 rectius
416 1638 543 1677 quam
575 1640 597 1664 a
628 1624 789 1679 Silligio
820 1624 1050 1665 iudicatum
1082 1638 1177 1666 esse
1209 1637 1385 1676 censeo,
1431 1624 1501 1679 qui
1531 1625 1699 1680 quidem

232 1715 314 1742 non
345 1702 469 1756 pauci
501 1706 619 1754 sunt,
652 1703 789 1744 sciens
820 1707 1054 1757 praetereo.

866 1795 894 1840 4
931 1810 975 1830 =
1012 1796 1055 1841 3.

297 1879 426 1929 Ciuis
463 1886 816 1929 sarmentorum
857 1881 1121 1944 vitiumque
1161 1884 1208 1928 et
1248 1881 1558 1929 vinaceorum
1582 1894 1699 1929 eon-

298 1966 558 2030 dylomatis
598 1972 644 2016 et
681 1967 814 2016 sedis
853 1967 978 2015 vitiis
1014 1967 1249 2016 medetur.

339 2055 404 2094 De
435 2054 589 2095 vitibus
621 2040 790 2095 omnino
821 2055 981 2110 agitur,
1022 2056 1163 2110 itaque
1194 2069 1278 2095 non
1309 2058 1485 2109 possunt
1515 2054 1622 2094 vites
1653 2059 1698 2095 ut

230 2147 326 2187 pars
359 2147 383 2173 a
413 2145 569 2187 genere
599 2132 812 2187 distingui,
845 2137 971 2187 atque
1002 2131 1021 2188 ἡ
1046 2131 1092 2175 ἐκ
1112 2137 1199 2174 τῶν
1217 2132 1445 2187 κλημάτων
1463 2135 1538 2172 καὶ
1568 2145 1696 2184 στεμ-

230 2210 381 2264 φύλων
419 2213 560 2266 τέφρα
606 2210 696 2250 sola
737 2215 1088 2251 commemoratur
1127 2224 1151 2251 a
1180 2209 1432 2251 Dioscoride
1465 2211 1513 2250 V.
1553 2211 1582 2250 l.
1612 2208 1696 2249 Ne-

229 2301 309 2341 que
342 2292 481 2327 tamen
521 2288 771 2328 vocabulum
816 2289 953 2343 ipsum
984 2288 1211 2341 delendum
1241 2288 1339 2340 erit,
1383 2301 1479 2328 nam
1522 2286 1574 2327 de
1613 2286 1696 2327 vite

230 2365 326 2405 alba
371 2366 528 2405 Plinius
574 2365 765 2420 proximo
815 2380 942 2407 sensu
979 2366 1143 2407 locutus
1189 2371 1289 2408 erat.
1350 2364 1513 2420 Copula
1557 2363 1698 2404 deleta

229 2443 496 2483 scribendum
526 2443 709 2484 videtur:

287 2525 393 2561 Ciuis
421 2530 710 2561 sarmentorum
743 2525 874 2562 vitium
904 2529 940 2560 et
969 2525 1235 2562 vinaceorum.

256 2600 308 2642 9¹5
733 2603 788 2648 10
824 2614 878 2633 =
919 2602 1006 2655 1,6.
1064 2614 1187 2647 uvae

295 2691 518 2734 recentes
572 2686 876 2735 stomachum
923 2691 969 2734 et
1006 2687 1202 2751 spiritus
1248 2685 1494 2734 inflatione
1531 2684 1692 2734 alvum

294 2775 496 2825 turbant.
