<?xml version="1.0" encoding="UTF-8"?>
<!DOCTYPE html PUBLIC "-//W3C//DTD XHTML 1.0 Transitional//EN"
    "http://www.w3.org/TR/xhtml1/DTD/xhtml1-transitional.dtd">
<html xmlns="http://www.w3.org/1999/xhtml" xml:lang="en" lang="en">
 <head>
  <title>
</title>
<meta http-equiv="Content-Type" content="text/html;charset=utf-8" />
  <meta name='ocr-system' content='tesseract 3.04.00' />
  <meta name='ocr-capabilities' content='ocr_page ocr_carea ocr_par ocr_line ocrx_word'/>
</head>
<body>
  <div class='ocr_page' id='page_1' title='image "./vindiciaeplinian00urliuoft_0397.png"; bbox 0 0 1914 3237; ppageno 0'>
   <div class='ocr_carea' id='block_1_1' title="bbox 764 160 1658 205">
    <p class='ocr_par' dir='ltr' id='par_1_1' title="bbox 764 160 1658 205">
     <span class='ocr_line' id='line_1_1' title="bbox 764 160 1658 205; baseline 0.002 -2"><span class='ocrx_word' id='word_1_1' title='bbox 764 165 883 203; x_wconf 85' lang='lat' dir='ltr'>Liber</span> <span class='ocrx_word' id='word_1_2' title='bbox 912 163 1075 204; x_wconf 82' lang='lat' dir='ltr'><em>XXXI.</em></span> <span class='ocrx_word' id='word_1_3' title='bbox 1577 160 1658 205; x_wconf 82' lang='lat'>197</span> 
     </span>
    </p>
   </div>
   <div class='ocr_carea' id='block_1_2' title="bbox 193 291 1658 504">
    <p class='ocr_par' dir='ltr' id='par_1_2' title="bbox 193 291 1658 504">
     <span class='ocr_line' id='line_1_2' title="bbox 195 291 1657 347; baseline -0.002 -13"><span class='ocrx_word' id='word_1_4' title='bbox 195 294 282 334; x_wconf 87' lang='lat' dir='ltr'>sale</span> <span class='ocrx_word' id='word_1_5' title='bbox 314 293 583 335; x_wconf 79' lang='lat' dir='ltr'>curabantur.</span> <span class='ocrx_word' id='word_1_6' title='bbox 641 292 852 333; x_wconf 81' lang='lat' dir='ltr'>Differunt</span> <span class='ocrx_word' id='word_1_7' title='bbox 881 292 1008 346; x_wconf 87' lang='lat' dir='ltr'>igitur</span> <span class='ocrx_word' id='word_1_8' title='bbox 1050 305 1158 347; x_wconf 83' lang='lat' dir='ltr'>quae</span> <span class='ocrx_word' id='word_1_9' title='bbox 1189 291 1255 333; x_wconf 88' lang='lat' dir='ltr'>hic</span> <span class='ocrx_word' id='word_1_10' title='bbox 1285 292 1508 334; x_wconf 87' lang='lat' dir='ltr'>traduntur</span> <span class='ocrx_word' id='word_1_11' title='bbox 1537 304 1657 346; x_wconf 89' lang='lat' dir='ltr'>prae-</span> 
     </span>
     <span class='ocr_line' id='line_1_3' title="bbox 195 369 1658 427; baseline -0.002 -14"><span class='ocrx_word' id='word_1_12' title='bbox 195 376 318 427; x_wconf 89' lang='lat' dir='ltr'>cepta</span> <span class='ocrx_word' id='word_1_13' title='bbox 346 386 372 413; x_wconf 89' lang='lat' dir='ltr'>a</span> <span class='ocrx_word' id='word_1_14' title='bbox 400 371 661 413; x_wconf 90' lang='lat' dir='ltr'>Dioscoridis</span> <span class='ocrx_word' id='word_1_15' title='bbox 701 371 793 411; x_wconf 93' lang='lat' dir='ltr'>loco</span> <span class='ocrx_word' id='word_1_16' title='bbox 825 370 875 412; x_wconf 92' lang='lat' dir='ltr'>V.</span> <span class='ocrx_word' id='word_1_17' title='bbox 907 370 1008 422; x_wconf 77' lang='lat'><strong>125,</strong></span> <span class='ocrx_word' id='word_1_18' title='bbox 1059 370 1130 410; x_wconf 92' lang='lat' dir='ltr'>ubi</span> <span class='ocrx_word' id='word_1_19' title='bbox 1179 371 1240 411; x_wconf 84' lang='lat' dir='ltr'>sal</span> <span class='ocrx_word' id='word_1_20' title='bbox 1292 370 1345 411; x_wconf 87' lang='lat' dir='ltr'>ad</span> <span class='ocrx_word' id='word_1_21' title='bbox 1388 369 1658 411; x_wconf 84' lang='lat' dir='ltr'>molliendam</span> 
     </span>
     <span class='ocr_line' id='line_1_4' title="bbox 193 448 1073 504; baseline -0.001 -13"><span class='ocrx_word' id='word_1_22' title='bbox 193 449 453 491; x_wconf 79' lang='lat' dir='ltr'>vinculorum</span> <span class='ocrx_word' id='word_1_23' title='bbox 484 449 679 490; x_wconf 79' lang='lat' dir='ltr'><strong>duritiem</strong></span> <span class='ocrx_word' id='word_1_24' title='bbox 709 449 868 504; x_wconf 90' lang='lat' dir='ltr'>imponi</span> <span class='ocrx_word' id='word_1_25' title='bbox 896 448 1073 490; x_wconf 88' lang='lat' dir='ltr'>videtur.</span> 
     </span>
    </p>
   </div>
   <div class='ocr_carea' id='block_1_3' title="bbox 258 524 1770 767">
    <p class='ocr_par' dir='ltr' id='par_1_3' title="bbox 258 524 1770 767">
     <span class='ocr_line' id='line_1_5' title="bbox 557 524 1770 591; baseline -0.004 -16"><span class='ocrx_word' id='word_1_26' title='bbox 557 528 892 584; x_wconf 77' lang='lat'>125=11‚47.</span> <span class='ocrx_word' id='word_1_27' title='bbox 935 525 1024 586; x_wconf 82' lang='lat' dir='ltr'>(de</span> <span class='ocrx_word' id='word_1_28' title='bbox 1061 526 1334 591; x_wconf 80' lang='lat' dir='ltr'>spongiis).</span> <span class='ocrx_word' id='word_1_29' title='bbox 1689 524 1770 570; x_wconf 83' lang='lat'>703</span> 
     </span>
     <span class='ocr_line' id='line_1_6' title="bbox 258 612 1661 679; baseline -0.001 -16"><span class='ocrx_word' id='word_1_30' title='bbox 258 615 409 663; x_wconf 86' lang='lat' dir='ltr'>lidem</span> <span class='ocrx_word' id='word_1_31' title='bbox 448 614 720 678; x_wconf 64' lang='lat' dir='ltr'>(penicilli)</span> <span class='ocrx_word' id='word_1_32' title='bbox 785 614 1147 679; x_wconf 77' lang='lat' dir='ltr'>abstergendae</span> <span class='ocrx_word' id='word_1_33' title='bbox 1194 612 1471 678; x_wconf 83' lang='lat' dir='ltr'>lippitudini</span> <span class='ocrx_word' id='word_1_34' title='bbox 1510 613 1661 662; x_wconf 77' lang='lat' dir='ltr'>utilis-</span> 
     </span>
     <span class='ocr_line' id='line_1_7' title="bbox 260 700 1661 767; baseline -0.001 -15"><span class='ocrx_word' id='word_1_35' title='bbox 260 704 393 762; x_wconf 85' lang='lat' dir='ltr'><strong>simi,</strong></span> <span class='ocrx_word' id='word_1_36' title='bbox 461 717 647 767; x_wconf 89' lang='lat' dir='ltr'>eosque</span> <span class='ocrx_word' id='word_1_37' title='bbox 702 703 1016 753; x_wconf 80' lang='lat' dir='ltr'>tenuissimos</span> <span class='ocrx_word' id='word_1_38' title='bbox 1075 707 1123 751; x_wconf 81' lang='lat' dir='ltr'>et</span> <span class='ocrx_word' id='word_1_39' title='bbox 1174 700 1489 752; x_wconf 87' lang='lat' dir='ltr'>mollissimos</span> <span class='ocrx_word' id='word_1_40' title='bbox 1549 717 1661 751; x_wconf 89' lang='lat' dir='ltr'>esse</span> 
     </span>
    </p>
   </div>
   <div class='ocr_carea' id='block_1_4' title="bbox 192 794 1668 1789">
    <p class='ocr_par' dir='ltr' id='par_1_4' title="bbox 261 794 469 855">
     <span class='ocr_line' id='line_1_8' title="bbox 261 794 469 855; baseline -0.014 -14"><span class='ocrx_word' id='word_1_41' title='bbox 261 794 469 855; x_wconf 83' lang='lat' dir='ltr'>oportet.</span> 
     </span>
    </p>

    <p class='ocr_par' dir='ltr' id='par_1_5' title="bbox 192 876 1668 1789">
     <span class='ocr_line' id='line_1_9' title="bbox 303 876 1664 933; baseline -0.001 -14"><span class='ocrx_word' id='word_1_42' title='bbox 303 878 370 920; x_wconf 88' lang='lat' dir='ltr'>Ita</span> <span class='ocrx_word' id='word_1_43' title='bbox 407 878 494 920; x_wconf 86' lang='lat' dir='ltr'>Sill.</span> <span class='ocrx_word' id='word_1_44' title='bbox 536 876 626 918; x_wconf 90' lang='lat' dir='ltr'>Ian.</span> <span class='ocrx_word' id='word_1_45' title='bbox 679 876 902 918; x_wconf 80' lang='lat' dir='ltr'>Gelenium</span> <span class='ocrx_word' id='word_1_46' title='bbox 949 877 1125 933; x_wconf 88' lang='lat' dir='ltr'>eiusque</span> <span class='ocrx_word' id='word_1_47' title='bbox 1174 876 1343 918; x_wconf 90' lang='lat' dir='ltr'>codices</span> <span class='ocrx_word' id='word_1_48' title='bbox 1393 877 1540 918; x_wconf 85' lang='lat' dir='ltr'>secuti.</span> <span class='ocrx_word' id='word_1_49' title='bbox 1599 877 1664 917; x_wconf 88' lang='lat' dir='ltr'>De</span> 
     </span>
     <span class='ocr_line' id='line_1_10' title="bbox 196 954 1663 1013; baseline -0.002 -15"><span class='ocrx_word' id='word_1_50' title='bbox 196 957 346 1013; x_wconf 90' lang='lat' dir='ltr'>quibus</span> <span class='ocrx_word' id='word_1_51' title='bbox 377 955 476 1012; x_wconf 90' lang='lat' dir='ltr'>quid</span> <span class='ocrx_word' id='word_1_52' title='bbox 506 954 779 996; x_wconf 88' lang='lat' dir='ltr'>iudicandum</span> <span class='ocrx_word' id='word_1_53' title='bbox 810 956 882 1008; x_wconf 77' lang='lat' dir='ltr'>sit,</span> <span class='ocrx_word' id='word_1_54' title='bbox 931 956 1129 1011; x_wconf 87' lang='lat' dir='ltr'>quoniam</span> <span class='ocrx_word' id='word_1_55' title='bbox 1168 955 1307 996; x_wconf 86' lang='lat' dir='ltr'>minus</span> <span class='ocrx_word' id='word_1_56' title='bbox 1349 959 1534 1008; x_wconf 88' lang='lat' dir='ltr'>constat,</span> <span class='ocrx_word' id='word_1_57' title='bbox 1585 968 1663 996; x_wconf 87' lang='lat' dir='ltr'>nos</span> 
     </span>
     <span class='ocr_line' id='line_1_11' title="bbox 194 1033 1665 1089; baseline -0.001 -14"><span class='ocrx_word' id='word_1_58' title='bbox 194 1035 349 1076; x_wconf 84' lang='lat' dir='ltr'>nostris</span> <span class='ocrx_word' id='word_1_59' title='bbox 398 1033 614 1075; x_wconf 81' lang='lat' dir='ltr'>codicibus</span> <span class='ocrx_word' id='word_1_60' title='bbox 662 1047 839 1089; x_wconf 89' lang='lat' dir='ltr'>quorum</span> <span class='ocrx_word' id='word_1_61' title='bbox 871 1038 1069 1074; x_wconf 89' lang='lat' dir='ltr'>accurata</span> <span class='ocrx_word' id='word_1_62' title='bbox 1106 1033 1257 1075; x_wconf 90' lang='lat' dir='ltr'>notitia</span> <span class='ocrx_word' id='word_1_63' title='bbox 1285 1033 1450 1074; x_wconf 90' lang='lat' dir='ltr'>illorum</span> <span class='ocrx_word' id='word_1_64' title='bbox 1481 1033 1665 1074; x_wconf 86' lang='lat' dir='ltr'>virorum</span> 
     </span>
     <span class='ocr_line' id='line_1_12' title="bbox 194 1110 1664 1166; baseline -0.001 -13"><span class='ocrx_word' id='word_1_65' title='bbox 194 1111 414 1153; x_wconf 88' lang='lat' dir='ltr'>doctorum</span> <span class='ocrx_word' id='word_1_66' title='bbox 445 1110 691 1166; x_wconf 79' lang='lat' dir='ltr'>diligentiae</span> <span class='ocrx_word' id='word_1_67' title='bbox 723 1111 921 1161; x_wconf 76' lang='lat' dir='ltr'>debetur,</span> <span class='ocrx_word' id='word_1_68' title='bbox 959 1111 1117 1152; x_wconf 88' lang='lat' dir='ltr'>firmius</span> <span class='ocrx_word' id='word_1_69' title='bbox 1142 1111 1400 1152; x_wconf 80' lang='lat' dir='ltr'>insistemus.</span> <span class='ocrx_word' id='word_1_70' title='bbox 1439 1125 1486 1152; x_wconf 86' lang='lat' dir='ltr'>ea</span> <span class='ocrx_word' id='word_1_71' title='bbox 1518 1115 1664 1152; x_wconf 82' lang='lat' dir='ltr'>tenuis-</span> 
     </span>
     <span class='ocr_line' id='line_1_13' title="bbox 192 1189 1664 1244; baseline 0 -13"><span class='ocrx_word' id='word_1_72' title='bbox 192 1196 388 1240; x_wconf 76' lang='lat' dir='ltr'>simosqete</span> <span class='ocrx_word' id='word_1_73' title='bbox 418 1197 571 1240; x_wconf 79' lang='lat' dir='ltr'>oportet</span> <span class='ocrx_word' id='word_1_74' title='bbox 600 1189 657 1229; x_wconf 80' lang='lat' dir='ltr'>R¹</span> <span class='ocrx_word' id='word_1_75' title='bbox 675 1189 732 1241; x_wconf 83' lang='lat' dir='ltr'>V,</span> <span class='ocrx_word' id='word_1_76' title='bbox 779 1189 945 1244; x_wconf 87' lang='lat' dir='ltr'>plenius</span> <span class='ocrx_word' id='word_1_77' title='bbox 987 1189 1101 1230; x_wconf 89' lang='lat' dir='ltr'>idem</span> <span class='ocrx_word' id='word_1_78' title='bbox 1130 1189 1367 1230; x_wconf 84' lang='lat' dir='ltr'>Vossianus</span> <span class='ocrx_word' id='word_1_79' title='bbox 1409 1189 1541 1231; x_wconf 90' lang='lat' dir='ltr'>altero</span> <span class='ocrx_word' id='word_1_80' title='bbox 1571 1190 1664 1231; x_wconf 90' lang='lat' dir='ltr'>loco</span> 
     </span>
     <span class='ocr_line' id='line_1_14' title="bbox 195 1266 1665 1324; baseline -0.001 -14"><span class='ocrx_word' id='word_1_81' title='bbox 195 1282 276 1324; x_wconf 92' lang='lat' dir='ltr'>quo</span> <span class='ocrx_word' id='word_1_82' title='bbox 324 1281 432 1324; x_wconf 90' lang='lat' dir='ltr'>quae</span> <span class='ocrx_word' id='word_1_83' title='bbox 474 1281 499 1308; x_wconf 86' lang='lat' dir='ltr'>a</span> <span class='ocrx_word' id='word_1_84' title='bbox 537 1266 699 1308; x_wconf 87' lang='lat' dir='ltr'>XXXI.</span> <span class='ocrx_word' id='word_1_85' title='bbox 755 1267 828 1309; x_wconf 79' lang='lat'>118</span> <span class='ocrx_word' id='word_1_86' title='bbox 867 1281 1000 1323; x_wconf 90' lang='lat' dir='ltr'>usque</span> <span class='ocrx_word' id='word_1_87' title='bbox 1044 1266 1098 1308; x_wconf 90' lang='lat' dir='ltr'>ad</span> <span class='ocrx_word' id='word_1_88' title='bbox 1140 1267 1324 1309; x_wconf 91' lang='lat' dir='ltr'>XXXII.</span> <span class='ocrx_word' id='word_1_89' title='bbox 1357 1268 1410 1310; x_wconf 77' lang='lat'>57</span> <span class='ocrx_word' id='word_1_90' title='bbox 1455 1269 1665 1323; x_wconf 85' lang='lat' dir='ltr'>leguntur,</span> 
     </span>
     <span class='ocr_line' id='line_1_15' title="bbox 196 1344 1664 1403; baseline -0.001 -15"><span class='ocrx_word' id='word_1_91' title='bbox 196 1347 352 1403; x_wconf 86' lang='lat' dir='ltr'>pariter</span> <span class='ocrx_word' id='word_1_92' title='bbox 382 1350 508 1401; x_wconf 85' lang='lat' dir='ltr'>atque</span> <span class='ocrx_word' id='word_1_93' title='bbox 537 1347 578 1386; x_wconf 90' lang='lat' dir='ltr'>in</span> <span class='ocrx_word' id='word_1_94' title='bbox 609 1345 667 1386; x_wconf 81' lang='lat' dir='ltr'>R2</span> <span class='ocrx_word' id='word_1_95' title='bbox 699 1350 947 1400; x_wconf 88' lang='lat' dir='ltr'>repetuntur</span> <span class='ocrx_word' id='word_1_96' title='bbox 983 1344 1193 1398; x_wconf 70' lang='grc' dir='ltr'><strong>(ψΩΒὶΠ.</strong></span> <span class='ocrx_word' id='word_1_97' title='bbox 1227 1346 1461 1401; x_wconf 83' lang='lat' dir='ltr'>appellat),</span> <span class='ocrx_word' id='word_1_98' title='bbox 1499 1346 1664 1401; x_wconf 90' lang='lat' dir='ltr'>plenius</span> 
     </span>
     <span class='ocr_line' id='line_1_16' title="bbox 194 1423 1666 1481; baseline -0.001 -15"><span class='ocrx_word' id='word_1_99' title='bbox 194 1426 322 1481; x_wconf 86' lang='lat' dir='ltr'>igitur</span> <span class='ocrx_word' id='word_1_100' title='bbox 355 1423 517 1479; x_wconf 73' lang='grc' dir='ltr'>ψΩΕ2</span> <span class='ocrx_word' id='word_1_101' title='bbox 549 1436 597 1463; x_wconf 82' lang='lat' dir='ltr'>ea</span> <span class='ocrx_word' id='word_1_102' title='bbox 627 1427 874 1464; x_wconf 75' lang='lat' dir='ltr'>tenuissimos</span> <span class='ocrx_word' id='word_1_103' title='bbox 903 1432 939 1464; x_wconf 86' lang='lat' dir='ltr'>et</span> <span class='ocrx_word' id='word_1_104' title='bbox 965 1427 1288 1475; x_wconf 75' lang='lat' dir='ltr'>mollissimosque</span> <span class='ocrx_word' id='word_1_105' title='bbox 1318 1432 1494 1476; x_wconf 75' lang='lat' dir='ltr'>oportet,</span> <span class='ocrx_word' id='word_1_106' title='bbox 1537 1424 1666 1466; x_wconf 91' lang='lat' dir='ltr'>iidem</span> 
     </span>
     <span class='ocr_line' id='line_1_17' title="bbox 194 1502 1666 1557; baseline 0.001 -14"><span class='ocrx_word' id='word_1_107' title='bbox 194 1516 341 1543; x_wconf 85' lang='lat' dir='ltr'>vocem</span> <span class='ocrx_word' id='word_1_108' title='bbox 371 1502 607 1557; x_wconf 84' lang='lat' dir='ltr'>proximam</span> <span class='ocrx_word' id='word_1_109' title='bbox 638 1502 788 1543; x_wconf 89' lang='lat' dir='ltr'>litteris</span> <span class='ocrx_word' id='word_1_110' title='bbox 820 1516 852 1554; x_wconf 76' lang='lat' dir='ltr'>e,</span> <span class='ocrx_word' id='word_1_111' title='bbox 883 1517 919 1554; x_wconf 80' lang='lat' dir='ltr'>a,</span> <span class='ocrx_word' id='word_1_112' title='bbox 950 1516 997 1543; x_wconf 77' lang='lat' dir='ltr'>ae</span> <span class='ocrx_word' id='word_1_113' title='bbox 1026 1502 1187 1544; x_wconf 87' lang='lat' dir='ltr'>finiunt.</span> <span class='ocrx_word' id='word_1_114' title='bbox 1238 1502 1363 1544; x_wconf 89' lang='lat' dir='ltr'>Unde</span> <span class='ocrx_word' id='word_1_115' title='bbox 1395 1502 1545 1544; x_wconf 87' lang='lat' dir='ltr'>eadem</span> <span class='ocrx_word' id='word_1_116' title='bbox 1577 1502 1666 1544; x_wconf 89' lang='lat' dir='ltr'>fere</span> 
     </span>
     <span class='ocr_line' id='line_1_18' title="bbox 196 1579 1668 1635; baseline 0.001 -14"><span class='ocrx_word' id='word_1_117' title='bbox 196 1581 408 1621; x_wconf 83' lang='lat' dir='ltr'>sententia</span> <span class='ocrx_word' id='word_1_118' title='bbox 451 1579 602 1635; x_wconf 89' lang='lat' dir='ltr'>quibus</span> <span class='ocrx_word' id='word_1_119' title='bbox 643 1580 821 1635; x_wconf 82' lang='lat' dir='ltr'>scriptor</span> <span class='ocrx_word' id='word_1_120' title='bbox 858 1594 959 1621; x_wconf 88' lang='lat' dir='ltr'>usus</span> <span class='ocrx_word' id='word_1_121' title='bbox 990 1580 1121 1621; x_wconf 89' lang='lat' dir='ltr'>fuisse</span> <span class='ocrx_word' id='word_1_122' title='bbox 1164 1579 1360 1621; x_wconf 88' lang='lat' dir='ltr'>videatur</span> <span class='ocrx_word' id='word_1_123' title='bbox 1402 1580 1508 1622; x_wconf 88' lang='lat' dir='ltr'>haec</span> <span class='ocrx_word' id='word_1_124' title='bbox 1537 1581 1668 1622; x_wconf 88' lang='lat' dir='ltr'>verba</span> 
     </span>
     <span class='ocr_line' id='line_1_19' title="bbox 196 1658 1666 1714; baseline 0.002 -15"><span class='ocrx_word' id='word_1_125' title='bbox 196 1659 474 1700; x_wconf 82' lang='lat' dir='ltr'>extricamus:</span> <span class='ocrx_word' id='word_1_126' title='bbox 521 1661 734 1710; x_wconf 71' lang='lat' dir='ltr'>utilissimi,</span> <span class='ocrx_word' id='word_1_127' title='bbox 766 1672 822 1700; x_wconf 84' lang='lat' dir='ltr'>ae</span> <span class='ocrx_word' id='word_1_128' title='bbox 852 1672 906 1700; x_wconf 91' lang='lat' dir='ltr'>eo</span> <span class='ocrx_word' id='word_1_129' title='bbox 934 1658 981 1714; x_wconf 86' lang='lat' dir='ltr'>(i.</span> <span class='ocrx_word' id='word_1_130' title='bbox 1015 1672 1050 1700; x_wconf 87' lang='lat' dir='ltr'>e.</span> <span class='ocrx_word' id='word_1_131' title='bbox 1082 1664 1123 1701; x_wconf 91' lang='lat' dir='ltr'>et</span> <span class='ocrx_word' id='word_1_132' title='bbox 1153 1659 1271 1713; x_wconf 84' lang='lat' dir='ltr'>ideo,</span> <span class='ocrx_word' id='word_1_133' title='bbox 1321 1659 1371 1702; x_wconf 86' lang='lat' dir='ltr'>cf.</span> <span class='ocrx_word' id='word_1_134' title='bbox 1402 1659 1666 1711; x_wconf 76' lang='lat' dir='ltr'>XVIL127,</span> 
     </span>
     <span class='ocr_line' id='line_1_20' title="bbox 195 1736 1385 1789; baseline 0 -11"><span class='ocrx_word' id='word_1_135' title='bbox 195 1736 356 1778; x_wconf 91' lang='lat' dir='ltr'>XXXI.</span> <span class='ocrx_word' id='word_1_136' title='bbox 375 1737 451 1787; x_wconf 80' lang='lat'>31)</span> <span class='ocrx_word' id='word_1_137' title='bbox 483 1741 729 1778; x_wconf 73' lang='lat' dir='ltr'>tenuissimos</span> <span class='ocrx_word' id='word_1_138' title='bbox 758 1750 841 1777; x_wconf 85' lang='lat' dir='ltr'>esse</span> <span class='ocrx_word' id='word_1_139' title='bbox 869 1740 1190 1789; x_wconf 77' lang='lat' dir='ltr'>mollissimosque</span> <span class='ocrx_word' id='word_1_140' title='bbox 1219 1745 1385 1789; x_wconf 81' lang='lat' dir='ltr'>oportet.</span> 
     </span>
    </p>
   </div>
   <div class='ocr_carea' id='block_1_5' title="bbox 197 1816 1777 2848">
    <p class='ocr_par' dir='ltr' id='par_1_6' title="bbox 261 1816 1777 2129">
     <span class='ocr_line' id='line_1_21' title="bbox 734 1816 1777 1882; baseline 0.001 -18"><span class='ocrx_word' id='word_1_141' title='bbox 734 1818 824 1864; x_wconf 83' lang='grc'>126</span> <span class='ocrx_word' id='word_1_142' title='bbox 861 1830 911 1852; x_wconf 82' lang='lat'>=</span> <span class='ocrx_word' id='word_1_143' title='bbox 948 1816 1145 1865; x_wconf 79' lang='lat' dir='ltr'>ibidem.</span> <span class='ocrx_word' id='word_1_144' title='bbox 1697 1838 1777 1882; x_wconf 76' lang='lat'>704</span> 
     </span>
     <span class='ocr_line' id='line_1_22' title="bbox 264 1903 1667 1969; baseline 0.001 -16"><span class='ocrx_word' id='word_1_145' title='bbox 264 1903 321 1953; x_wconf 82' lang='lat' dir='ltr'>Et</span> <span class='ocrx_word' id='word_1_146' title='bbox 357 1904 493 1969; x_wconf 85' lang='lat' dir='ltr'>ipsae</span> <span class='ocrx_word' id='word_1_147' title='bbox 536 1910 846 1968; x_wconf 81' lang='lat' dir='ltr'>(spongeae)</span> <span class='ocrx_word' id='word_1_148' title='bbox 909 1903 1163 1953; x_wconf 76' lang='lat' dir='ltr'>vulnerum</span> <span class='ocrx_word' id='word_1_149' title='bbox 1207 1904 1667 1956; x_wconf 82' lang='lat' dir='ltr'>inflammationibus</span> 
     </span>
     <span class='ocr_line' id='line_1_23' title="bbox 261 1992 1666 2058; baseline 0.001 -18"><span class='ocrx_word' id='word_1_150' title='bbox 261 1992 594 2056; x_wconf 81' lang='lat' dir='ltr'>imponuntur,</span> <span class='ocrx_word' id='word_1_151' title='bbox 647 2007 776 2041; x_wconf 85' lang='lat' dir='ltr'>nunc</span> <span class='ocrx_word' id='word_1_152' title='bbox 813 1993 1000 2050; x_wconf 82' lang='lat' dir='ltr'>siccae,</span> <span class='ocrx_word' id='word_1_153' title='bbox 1054 2008 1183 2041; x_wconf 84' lang='lat' dir='ltr'>nunc</span> <span class='ocrx_word' id='word_1_154' title='bbox 1219 1998 1360 2043; x_wconf 85' lang='lat' dir='ltr'>aceto</span> <span class='ocrx_word' id='word_1_155' title='bbox 1399 1993 1666 2058; x_wconf 87' lang='lat' dir='ltr'>adspersae</span> 
     </span>
     <span class='ocr_line' id='line_1_24' title="bbox 262 2079 348 2129; baseline 0.012 -1"><span class='ocrx_word' id='word_1_156' title='bbox 262 2079 348 2129; x_wconf 85' lang='lat' dir='ltr'>rel.</span> 
     </span>
    </p>

    <p class='ocr_par' dir='ltr' id='par_1_7' title="bbox 197 2167 1669 2848">
     <span class='ocr_line' id='line_1_25' title="bbox 304 2167 1667 2223; baseline 0.002 -15"><span class='ocrx_word' id='word_1_157' title='bbox 304 2167 532 2223; x_wconf 83' lang='lat' dir='ltr'>Vulgatam</span> <span class='ocrx_word' id='word_1_158' title='bbox 572 2167 681 2209; x_wconf 89' lang='lat' dir='ltr'>hanc</span> <span class='ocrx_word' id='word_1_159' title='bbox 712 2168 937 2208; x_wconf 89' lang='lat' dir='ltr'>lectionem</span> <span class='ocrx_word' id='word_1_160' title='bbox 976 2182 1101 2223; x_wconf 88' lang='lat' dir='ltr'>quam</span> <span class='ocrx_word' id='word_1_161' title='bbox 1141 2169 1255 2210; x_wconf 88' lang='lat' dir='ltr'>haud</span> <span class='ocrx_word' id='word_1_162' title='bbox 1295 2169 1538 2211; x_wconf 79' lang='lat' dir='ltr'>dubitanter</span> <span class='ocrx_word' id='word_1_163' title='bbox 1579 2169 1667 2211; x_wconf 81' lang='lat' dir='ltr'>Sill.</span> 
     </span>
     <span class='ocr_line' id='line_1_26' title="bbox 197 2246 1666 2300; baseline 0.002 -14"><span class='ocrx_word' id='word_1_164' title='bbox 197 2246 412 2300; x_wconf 76' lang='lat' dir='ltr'>repetivit,</span> <span class='ocrx_word' id='word_1_165' title='bbox 451 2246 746 2300; x_wconf 82' lang='lat' dir='ltr'>interpolatam</span> <span class='ocrx_word' id='word_1_166' title='bbox 779 2259 873 2286; x_wconf 84' lang='lat' dir='ltr'>esse</span> <span class='ocrx_word' id='word_1_167' title='bbox 904 2247 1052 2286; x_wconf 83' lang='lat' dir='ltr'>Ianum</span> <span class='ocrx_word' id='word_1_168' title='bbox 1093 2261 1178 2288; x_wconf 91' lang='lat' dir='ltr'>non</span> <span class='ocrx_word' id='word_1_169' title='bbox 1208 2248 1343 2289; x_wconf 89' lang='lat' dir='ltr'>latuit.</span> <span class='ocrx_word' id='word_1_170' title='bbox 1402 2247 1527 2296; x_wconf 85' lang='lat' dir='ltr'>Quod</span> <span class='ocrx_word' id='word_1_171' title='bbox 1565 2261 1666 2289; x_wconf 89' lang='lat' dir='ltr'>vero</span> 
     </span>
     <span class='ocr_line' id='line_1_27' title="bbox 197 2323 1666 2382; baseline 0.003 -19"><span class='ocrx_word' id='word_1_172' title='bbox 197 2324 374 2364; x_wconf 88' lang='lat' dir='ltr'>lacunae</span> <span class='ocrx_word' id='word_1_173' title='bbox 408 2323 573 2377; x_wconf 84' lang='lat' dir='ltr'>signum</span> <span class='ocrx_word' id='word_1_174' title='bbox 605 2337 818 2379; x_wconf 88' lang='lat' dir='ltr'>apponere</span> <span class='ocrx_word' id='word_1_175' title='bbox 849 2338 974 2379; x_wconf 87' lang='lat' dir='ltr'>quam</span> <span class='ocrx_word' id='word_1_176' title='bbox 993 2330 1234 2380; x_wconf 86' lang='lat' dir='ltr'>corruptam</span> <span class='ocrx_word' id='word_1_177' title='bbox 1266 2325 1459 2367; x_wconf 88' lang='lat' dir='ltr'>codicum</span> <span class='ocrx_word' id='word_1_178' title='bbox 1490 2327 1666 2382; x_wconf 85' lang='lat' dir='ltr'>scriptu-</span> 
     </span>
     <span class='ocr_line' id='line_1_28' title="bbox 199 2401 1667 2460; baseline 0.003 -19"><span class='ocrx_word' id='word_1_179' title='bbox 199 2415 287 2442; x_wconf 89' lang='lat' dir='ltr'>ram</span> <span class='ocrx_word' id='word_1_180' title='bbox 318 2401 529 2456; x_wconf 83' lang='lat' dir='ltr'>corrigere</span> <span class='ocrx_word' id='word_1_181' title='bbox 548 2402 709 2454; x_wconf 84' lang='lat' dir='ltr'>maluit,</span> <span class='ocrx_word' id='word_1_182' title='bbox 740 2402 903 2443; x_wconf 82' lang='lat' dir='ltr'>cautius</span> <span class='ocrx_word' id='word_1_183' title='bbox 935 2416 1059 2457; x_wconf 90' lang='lat' dir='ltr'>quam</span> <span class='ocrx_word' id='word_1_184' title='bbox 1091 2404 1245 2445; x_wconf 86' lang='lat' dir='ltr'>rectius</span> <span class='ocrx_word' id='word_1_185' title='bbox 1276 2404 1378 2445; x_wconf 90' lang='lat' dir='ltr'>mihi</span> <span class='ocrx_word' id='word_1_186' title='bbox 1408 2404 1577 2460; x_wconf 88' lang='lat' dir='ltr'>quidem</span> <span class='ocrx_word' id='word_1_187' title='bbox 1607 2404 1667 2445; x_wconf 82' lang='lat' dir='ltr'>vi-</span> 
     </span>
     <span class='ocr_line' id='line_1_29' title="bbox 199 2479 1667 2538; baseline 0.002 -17"><span class='ocrx_word' id='word_1_188' title='bbox 199 2480 321 2521; x_wconf 87' lang='lat' dir='ltr'>detur</span> <span class='ocrx_word' id='word_1_189' title='bbox 356 2480 523 2521; x_wconf 85' lang='lat' dir='ltr'>fecisse.</span> <span class='ocrx_word' id='word_1_190' title='bbox 582 2479 691 2520; x_wconf 84' lang='lat' dir='ltr'>Nam</span> <span class='ocrx_word' id='word_1_191' title='bbox 731 2480 830 2535; x_wconf 89' lang='lat' dir='ltr'>quid</span> <span class='ocrx_word' id='word_1_192' title='bbox 870 2481 1040 2522; x_wconf 89' lang='lat' dir='ltr'>omnino</span> <span class='ocrx_word' id='word_1_193' title='bbox 1079 2481 1288 2523; x_wconf 83' lang='lat' dir='ltr'>excidisse</span> <span class='ocrx_word' id='word_1_194' title='bbox 1327 2482 1532 2538; x_wconf 88' lang='lat' dir='ltr'>potuerit,</span> <span class='ocrx_word' id='word_1_195' title='bbox 1583 2495 1667 2523; x_wconf 91' lang='lat' dir='ltr'>non</span> 
     </span>
     <span class='ocr_line' id='line_1_30' title="bbox 199 2556 1669 2613; baseline 0.001 -15"><span class='ocrx_word' id='word_1_196' title='bbox 199 2572 413 2613; x_wconf 87' lang='lat' dir='ltr'>assequor.</span> <span class='ocrx_word' id='word_1_197' title='bbox 475 2556 539 2599; x_wconf 88' lang='lat' dir='ltr'>En</span> <span class='ocrx_word' id='word_1_198' title='bbox 570 2558 770 2598; x_wconf 88' lang='lat' dir='ltr'>librorum</span> <span class='ocrx_word' id='word_1_199' title='bbox 801 2558 919 2600; x_wconf 83' lang='lat' dir='ltr'>MSS.</span> <span class='ocrx_word' id='word_1_200' title='bbox 960 2559 1184 2601; x_wconf 83' lang='lat' dir='ltr'>lectiones:</span> <span class='ocrx_word' id='word_1_201' title='bbox 1229 2565 1558 2610; x_wconf 77' lang='lat' dir='ltr'>inflammationes</span> <span class='ocrx_word' id='word_1_202' title='bbox 1586 2565 1669 2601; x_wconf 77' lang='lat' dir='ltr'>sine</span> 
     </span>
     <span class='ocr_line' id='line_1_31' title="bbox 199 2636 1667 2694; baseline 0.003 -17"><span class='ocrx_word' id='word_1_203' title='bbox 199 2641 440 2686; x_wconf 71' lang='lat' dir='ltr'>ce‘ntzmyttm·</span> <span class='ocrx_word' id='word_1_204' title='bbox 482 2636 518 2676; x_wconf 91' lang='lat' dir='ltr'><strong>V</strong></span> <span class='ocrx_word' id='word_1_205' title='bbox 559 2641 880 2687; x_wconf 76' lang='lat' dir='ltr'>inflammationes</span> <span class='ocrx_word' id='word_1_206' title='bbox 916 2641 950 2677; x_wconf 80' lang='lat' dir='ltr'>si</span> <span class='ocrx_word' id='word_1_207' title='bbox 987 2650 1057 2677; x_wconf 76' lang='lat' dir='ltr'>nec</span> <span class='ocrx_word' id='word_1_208' title='bbox 1096 2642 1326 2689; x_wconf 72' lang='lat' dir='ltr'>inunyuitur</span> <span class='ocrx_word' id='word_1_209' title='bbox 1364 2639 1403 2680; x_wconf 86' lang='lat' dir='ltr'>R</span> <span class='ocrx_word' id='word_1_210' title='bbox 1434 2639 1460 2680; x_wconf 92' lang='lat' dir='ltr'>d</span> <span class='ocrx_word' id='word_1_211' title='bbox 1492 2643 1529 2681; x_wconf 90' lang='grc' dir='ltr'>,Ω</span> <span class='ocrx_word' id='word_1_212' title='bbox 1562 2647 1611 2694; x_wconf 84' lang='grc' dir='ltr'>ψ,</span> <span class='ocrx_word' id='word_1_213' title='bbox 1645 2653 1667 2680; x_wconf 81' lang='grc' dir='ltr'>θ</span> 
     </span>
     <span class='ocr_line' id='line_1_32' title="bbox 200 2714 1667 2770; baseline 0.002 -16"><span class='ocrx_word' id='word_1_214' title='bbox 200 2714 350 2769; x_wconf 88' lang='lat' dir='ltr'>quibus</span> <span class='ocrx_word' id='word_1_215' title='bbox 381 2715 544 2755; x_wconf 88' lang='lat' dir='ltr'>litteras</span> <span class='ocrx_word' id='word_1_216' title='bbox 574 2720 657 2755; x_wconf 81' lang='lat' dir='ltr'>sine</span> <span class='ocrx_word' id='word_1_217' title='bbox 687 2714 974 2770; x_wconf 86' lang='lat' dir='ltr'>dittographia</span> <span class='ocrx_word' id='word_1_218' title='bbox 992 2716 1313 2770; x_wconf 79' lang='lat' dir='ltr'>proximarums</span> <span class='ocrx_word' id='word_1_219' title='bbox 1334 2721 1411 2759; x_wconf 80' lang='lat' dir='ltr'>cini</span> <span class='ocrx_word' id='word_1_220' title='bbox 1427 2722 1561 2759; x_wconf 88' lang='lat' dir='ltr'>ortam</span> <span class='ocrx_word' id='word_1_221' title='bbox 1573 2730 1667 2758; x_wconf 87' lang='lat' dir='ltr'>esse</span> 
     </span>
     <span class='ocr_line' id='line_1_33' title="bbox 198 2793 1666 2848; baseline 0.003 -16"><span class='ocrx_word' id='word_1_222' title='bbox 198 2793 290 2847; x_wconf 90' lang='lat' dir='ltr'>quis</span> <span class='ocrx_word' id='word_1_223' title='bbox 321 2806 406 2834; x_wconf 89' lang='lat' dir='ltr'>non</span> <span class='ocrx_word' id='word_1_224' title='bbox 436 2793 662 2848; x_wconf 78' lang='lat' dir='ltr'>intelligit?</span> <span class='ocrx_word' id='word_1_225' title='bbox 721 2793 839 2841; x_wconf 84' lang='lat' dir='ltr'>Quae</span> <span class='ocrx_word' id='word_1_226' title='bbox 879 2803 1017 2835; x_wconf 79' lang='lat' dir='ltr'>autem</span> <span class='ocrx_word' id='word_1_227' title='bbox 1049 2798 1212 2835; x_wconf 88' lang='lat' dir='ltr'>restant</span> <span class='ocrx_word' id='word_1_228' title='bbox 1255 2799 1499 2848; x_wconf 70' lang='lat' dir='ltr'>ciniunqitur</span> <span class='ocrx_word' id='word_1_229' title='bbox 1527 2796 1666 2837; x_wconf 83' lang='lat' dir='ltr'>termi-</span> 
     </span>
    </p>
   </div>
  </div>
 </body>
</html>
