1914 3237
730 170 846 209 Liber
873 169 1049 210 XXXV.
1537 162 1617 205 2²25

155 300 319 355 campio
351 299 409 352 V,
458 312 483 340 a
513 298 600 340 Sill.
631 298 671 339 K
702 298 959 353 appellatur,
998 310 1050 337 ex
1080 304 1190 337 creta
1232 295 1423 350 scripsit,
1469 294 1619 334 melius

155 382 297 419 tamen
327 391 348 418 e
378 384 488 418 creta
535 377 785 432 scripsisset.
842 375 951 416 Nam
997 388 1082 415 non
1125 387 1258 415 novus
1298 373 1412 413 color
1454 375 1621 427 praeter

155 456 399 511 Appianum
430 455 694 506 nominatur,
742 453 818 494 sed
848 466 871 493 e
903 452 1067 493 duobus
1108 452 1282 493 noviciis
1328 450 1449 492 viridi
1490 450 1621 490 altero

157 533 337 574 candido
351 533 482 574 altero
499 532 741 587 Appianum
759 545 782 572 e
801 536 917 573 creta
931 531 1053 572 viridi
1082 531 1172 571 fieri
1202 530 1364 571 dicitur.
1395 529 1625 570 Praeterea

156 626 258 653 num
289 612 526 665 ,sestertiis‘
563 624 638 665 per
669 623 713 651 se
748 610 932 664 positum
964 609 1147 650 sufficiat
1189 608 1242 649 ad
1273 607 1626 656 aestimationem,

159 704 286 745 quum
319 689 418 731 alibi
463 689 578 730 velut
606 687 765 730 XVIII.
799 688 899 741 130,
931 687 1108 728 XXXV.
1141 688 1193 730 37
1241 689 1386 736 sinyulz'
1433 684 1628 736 addatur,

159 768 318 809 dubito.
380 766 529 809 Bamb.
576 771 717 807 autem
767 770 937 807 sestertii
974 765 1122 817 habet,
1168 765 1194 805 i.
1226 778 1260 806 e.
1291 770 1441 804 sestert.
1473 763 1511 803 ΙΙ
1562 761 1630 802 vel

157 849 347 888 sestertiis
379 849 494 887 binis.

737 903 795 949 49
920 901 1045 958 7331.
1659 916 1737 961 771

229 990 381 1041 Cerae
416 989 672 1053 tinguntur
707 987 882 1036 iisdem
918 986 992 1035 his
1046 984 1294 1035 coloribus
1332 984 1392 1033 ad
1440 998 1524 1032 eas
1560 983 1633 1047 pi-

230 1083 391 1127 cturas
429 1092 555 1140 quae
592 1077 866 1134 inuruntur,
922 1075 1082 1124 alieno
1130 1074 1394 1139 parietibus
1447 1086 1632 1136 genere

228 1166 318 1216 sed
375 1165 617 1214 elassibus
670 1163 915 1222 familiari,
974 1163 1081 1220 [iam
1135 1177 1252 1212 vero
1301 1167 1348 1211 et
1400 1159 1635 1210 onerariis

231 1254 479 1319 navibus],
551 1253 779 1317 quoniam
817 1257 864 1301 et
915 1251 1131 1316 pericula
1181 1249 1521 1315 expingimus‚
1574 1262 1635 1295 ne

232 1343 341 1407 quis
377 1342 575 1391 miretur
607 1346 654 1390 et
690 1356 842 1405 rogos
880 1340 1028 1405 pingi,
1066 1340 1296 1402 iuvatque
1332 1341 1637 1403 pugnaturos

233 1432 294 1481 ad
331 1435 537 1480 mortem
577 1435 675 1496 [aut
712 1433 843 1479 certe
882 1429 1100 1492 eaedem]
1143 1427 1373 1492 speciose
1409 1425 1538 1475 vehi.

277 1519 418 1561 Locus
449 1518 730 1573 interpolatus
770 1522 854 1570 est,
907 1516 1034 1571 idque
1080 1516 1288 1557 bifariam.
1347 1516 1411 1556 Ac
1458 1514 1638 1569 primum

172 1597 342 1654 quidem
376 1597 446 1652 qui
477 1597 529 1637 ad
561 1595 736 1637 caedem
774 1595 959 1636 hostium
990 1595 1032 1634 in
1063 1595 1185 1649 pictis
1225 1593 1403 1634 navibus
1437 1595 1641 1647 pugnant,

171 1690 257 1718 non
288 1689 365 1716 sua
397 1675 472 1716 sed
502 1675 642 1716 aliena
671 1674 859 1729 pericula
889 1674 1129 1728 pinxerunt.
1162 1671 1330 1713 Deinde
1362 1671 1461 1726 quia
1480 1683 1641 1725 pugna-

172 1769 264 1795 rum
296 1753 485 1809 pericula
524 1753 614 1793 sola
644 1756 1028 1794 commemorantur
1067 1764 1202 1806 eaque
1236 1750 1316 1791 nisi
1354 1750 1397 1790 in
1438 1748 1642 1789 elassibus

173 1833 312 1875 locum
347 1846 432 1873 non
463 1832 642 1885 habent,
692 1846 796 1886 quas
838 1831 949 1871 solas
988 1830 1031 1870 in
1075 1829 1226 1870 eodem
1268 1828 1458 1883 picturae
1489 1840 1645 1882 genere

175 1912 333 1952 Plinius
352 1911 393 1951 in
406 1911 576 1966 reliquis
594 1911 696 1951 locis
710 1909 777 1959 (cf⁴
798 1910 863 1960 δῖ,
884 1909 973 1958 101,
990 1908 1081 1961 149,
1099 1906 1306 1948 XXXIII.
1320 1907 1421 1957 115)
1444 1906 1646 1957 nominat,

176 1994 352 2046 apparet
368 1989 447 2030 hoc
467 2003 632 2044 quoque
653 1988 988 2029 additamentum
1011 1986 1193 2027 hominis
1220 1985 1362 2040 inepte
1395 1984 1507 2025 docti
1539 1998 1646 2026 esse.

747 2070 838 2116 105
866 2089 908 2107 Ξ
934 2069 1086 2124 1Ο,36.

243 2157 358 2208 Erat
392 2162 509 2205 tunc
544 2155 857 2219 Protogenes
913 2154 960 2202 in
999 2153 1279 2203 suburbano
1317 2167 1406 2202 suo
1453 2150 1647 2201 hortulo

246 2246 359 2310 [hoc
411 2249 484 2293 est
532 2243 764 2293 Demetrii
816 2243 1027 2305 castiisj‚
1094 2257 1254 2306 neque
1313 2238 1650 2306 interpellatus

243 2333 443 2400 proeliis
480 2331 710 2382 inchoata
745 2347 896 2397 opera
931 2332 1187 2380 intermisit
1222 2330 1306 2379 rel.

292 2423 428 2463 Pudet
457 2436 524 2462 me
554 2435 640 2462 non
670 2420 938 2461 mediocriter
975 2421 1286 2475 ineptissimum
1316 2418 1651 2460 additamentum

1677 2097 1759 2142 772

181 2516 276 2543 cum
307 2500 679 2542 chrestomathiam
713 2499 882 2540 ederem
915 2512 939 2538 a
970 2512 1036 2538 me
1068 2513 1151 2539 non
1183 2511 1278 2538 esse
1297 2496 1651 2538 animadversum.

180 2580 288 2621 Nam
320 2592 457 2634 neque
489 2589 654 2633 tempus
686 2592 889 2633 praesens
921 2587 976 2617 est
1016 2578 1113 2617 ferri
1144 2582 1284 2632 potest
1314 2590 1451 2631 neque
1483 2575 1652 2616 omnino

181 2659 221 2699 in
245 2659 394 2700 castris
413 2657 619 2698 Demetrii
646 2657 720 2697 scd
744 2657 785 2697 in
808 2657 1049 2697 suburbano
1079 2655 1262 2711 quodam
1285 2655 1476 2695 aedificio
1499 2654 1652 2708 pictam

182 2735 312 2777 fuisse
343 2750 368 2776 a
398 2736 640 2791 Protogene
672 2735 860 2776 tabulam
892 2735 1083 2787 traditur,
1116 2734 1227 2789 quod
1266 2734 1302 2775 vi
1342 2738 1383 2774 et
1414 2733 1540 2773 armis
1580 2744 1654 2771 rex

184 2816 511 2870 expugnaverit,
544 2815 592 2856 ef.
625 2815 734 2855 Plut.
767 2814 955 2855 Demetr.
983 2813 1048 2857 22.

1400 2892 1449 2931 15
