1914 3237
698 185 817 224 Liber
845 183 1007 223 XVIII.
1526 177 1580 222 47

679 315 769 361 261
789 329 838 350 =
855 314 1014 369 28,st
1611 314 1691 358 336

184 433 245 442 -
282 404 322 452 si
358 417 476 451 vero
512 399 695 449 fertiles
731 414 827 449 non
865 403 978 448 sunt
1020 399 1186 459 (viteS,
1219 399 1413 459 iubent)
1438 402 1578 449 aceto

181 491 279 540 acri
314 490 520 539 subacto
557 488 719 537 cinere
754 486 902 551 rigari
935 515 999 522 -

225 578 365 626 Quum
401 581 497 632 post
526 575 775 631 particulam
808 574 1062 615 subiunctivi
1104 575 1230 629 positi
1267 575 1350 616 sint
1389 580 1430 616 et
1459 576 1499 617 in
1531 577 1581 617 iis

116 669 224 712 quae
254 654 515 711 praecedunt
544 657 586 695 et
615 666 722 708 quae
755 653 896 693 statim
928 656 1182 708 sequuntur,
1213 651 1279 694 hic
1309 667 1476 709 quoque
1504 660 1582 696 sint

117 733 384 775 scribendum
418 737 493 774 est.
520 735 608 782 ficis
638 735 680 772 et
709 738 901 782 rutaeque
930 735 1044 772 recte
1069 731 1249 772 coniecit
1266 730 1581 787 Dalecampius,

118 826 295 868 quorum
325 812 502 853 alterum
536 810 664 852 etiam
695 808 910 850 codicibus
941 809 1220 851 confirmatur.

672 1013 833 1062 LIBER
866 1014 1015 1062 xvffl.

721 1136 750 1183 3
786 1150 840 1168 =
878 1136 967 1192 1‚1.
1611 1144 1692 1188 337

177 1219 277 1270 Nos
315 1224 362 1268 et
397 1218 600 1284 sagittas
637 1221 898 1285 unguimus
935 1237 993 1270 ac
1029 1221 1156 1270 ferro
1192 1221 1286 1286 ipsi
1323 1223 1580 1271 nocentius

180 1307 363 1372 aliquid
401 1306 586 1366 damu&
624 1323 715 1358 nos
753 1314 800 1358 et
832 1308 1028 1359 flumina
1062 1309 1302 1359 inficimus
1340 1315 1387 1358 et
1422 1326 1581 1360 reruni

178 1402 376 1445 naturae
398 1394 662 1457 elementa;
698 1398 857 1463 ipsum
885 1412 1082 1463 quoque
1103 1413 1199 1462 quo
1219 1398 1399 1447 vivitur
1417 1413 1580 1452 aerem

174 1486 223 1533 in
258 1484 525 1550 perniciem
559 1485 810 1536 vertimus

219 1574 308 1614 Iam
327 1573 494 1628 saepius
515 1573 762 1629 significavi,
792 1573 960 1615 codices
983 1573 1018 1615 T
1037 1573 1064 1614 d
1094 1588 1322 1629 eorumque
1354 1575 1524 1628 similes,
1555 1589 1580 1616 a

110 1651 261 1706 quibus
290 1651 463 1706 vulgata
490 1651 580 1692 fere
610 1651 734 1693 lectio
767 1656 858 1693 orta
888 1657 979 1705 est,
1013 1652 1064 1693 ab
1095 1652 1265 1693 homine
1295 1666 1379 1694 non
1409 1653 1578 1694 indocto

111 1734 320 1770 correctos
350 1743 688 1784 nonnumquam,
732 1730 902 1785 saepius
933 1730 1209 1785 interpolatos
1242 1744 1359 1784 esse,
1391 1731 1578 1773 codicem

111 1820 136 1847 a
166 1820 260 1847 cum
303 1821 383 1862 quo
421 1808 513 1848 cod.
543 1807 584 1848 D
616 1812 658 1849 et
692 1811 729 1851 Θ
761 1809 902 1864 aliqua
942 1809 1193 1864 cognatione
1232 1810 1444 1851 coniuncti
1483 1824 1578 1851 esse

108 1884 316 1938 videntur,
348 1886 547 1941 antiquae
569 1886 813 1941 probaeque
842 1886 1076 1941 scripturae
1100 1888 1280 1942 vestigia
1309 1888 1351 1928 in
1381 1888 1446 1929 his
1464 1894 1578 1930 certe

109 1962 249 2016 libris,
290 1964 360 2004 ubi
398 1964 530 2004 altera
569 1976 703 2019 eaque
743 1965 982 2020 antiquiore
1020 1963 1213 2006 codicum
1252 1965 1413 2007 familia
1451 1966 1578 2008 desti-

110 2041 276 2094 tuimur,
307 2042 409 2097 ipsis
439 2042 520 2083 illis
550 2042 729 2095 mendis,
762 2042 913 2098 quibus
951 2047 1098 2096 scatet,
1129 2057 1417 2086 conservasse.
1449 2045 1577 2085 Cuius

109 2119 281 2160 rationis
320 2120 596 2162 memorabile
636 2123 671 2161 h.
713 2121 739 2162 l.
783 2121 1024 2176 exemplum
1065 2122 1282 2176 reperitur.
1340 2123 1428 2164 Aer
1466 2123 1577 2164 enim

109 2210 246 2252 neque
276 2197 331 2238 ad
359 2199 517 2240 victum
551 2199 730 2252 sufficit,
763 2199 874 2255 quod
903 2200 970 2241 vel
998 2200 1220 2255 proverbio
1252 2200 1471 2255 docemur,
1502 2216 1575 2242 ne-

109 2288 189 2330 que
219 2276 430 2330 quomodo
455 2277 497 2318 in
526 2277 757 2337 perniciem
789 2282 1070 2331 convertatur,
1103 2283 1282 2320 constat.
1313 2279 1447 2321 Immo
1467 2294 1575 2335 quae

110 2352 194 2393 sint
223 2367 274 2394 ea
305 2354 455 2409 quibus
485 2356 675 2396 vivamus
706 2356 864 2396 Plinius
894 2356 985 2410 ipse
1010 2355 1171 2397 XXIV.
1196 2358 1222 2399 4
1253 2358 1467 2411 explicuit,
1498 2359 1574 2411 ,in-

109 2435 237 2471 ventu
266 2430 407 2473 facilia
446 2446 495 2474 ac
525 2434 616 2474 sine
645 2433 860 2489 impendio
902 2439 943 2475 et
974 2434 1124 2489 quibus
1167 2435 1382 2489 vivimus‘,
1424 2437 1575 2491 quibus

108 2508 323 2550 hominum
352 2510 523 2552 fraudes
563 2525 658 2552 cum
689 2511 743 2552 ad
773 2512 1026 2553 medicinam
1057 2518 1145 2554 tum
1176 2512 1230 2554 ad
1259 2527 1425 2555 venena
1455 2515 1576 2556 abusi

108 2591 215 2628 sunt.
275 2587 454 2629 Venena
490 2589 571 2630 hoc
602 2603 769 2645 quoque
813 2591 905 2631 loco
937 2591 1060 2644 cibis,
1101 2591 1171 2646 qui
1204 2591 1255 2632 ab
1294 2593 1387 2647 ipsa
1424 2598 1576 2634 natura

106 2664 267 2706 innoxii
297 2668 698 2720 sumministrentur,
740 2669 895 2723 opponi
933 2669 1178 2710 animalium
1217 2672 1411 2726 exemplo
1445 2671 1573 2712 effici-

107 2747 186 2783 tur.
215 2744 347 2799 Atqui
363 2746 544 2787 molesta
573 2746 645 2787 illa
675 2759 756 2787 vox
788 2746 909 2787 abest
939 2760 964 2788 a
994 2747 1209 2788 codicibus
1234 2749 1328 2802 aD,
1357 2750 1501 2804 itaque
1531 2750 1573 2790 in

108 2820 199 2862 cod.
232 2821 258 2862 d
295 2823 346 2864 ab
386 2826 615 2881 interprete
655 2825 910 2881 adscriptam
941 2839 1035 2867 esse
1068 2827 1278 2882 sequitur,
1318 2827 1388 2883 qui
1418 2828 1570 2883 ,ipsum
