1914 3237
715 175 847 215 Liber
880 176 933 216 V.
1507 173 1563 216 83

647 297 741 344 141
761 317 812 340 =
830 297 1004 357 3240.

155 400 398 464 Impetum
435 397 613 446 deinde
650 396 797 444 sumit
824 397 1180 461 Hellespontus
1218 405 1268 445 et
1302 414 1458 445 mare
1492 397 1562 445 in-

156 488 360 549 cumbit,
399 486 664 536 verticibus
700 486 904 534 limitem
940 486 1160 547 fodiem,
1199 486 1354 534 donec
1397 488 1562 536 Asiam

152 580 409 643 abrumpat
428 577 690 641 Europae3
722 576 1108 642 promontorium
1135 576 1185 624 id
1215 577 1561 641 appellavimus

150 668 440 732 Trapezam,

199 768 455 809 Subiectum
485 766 823 820 Hellespontum
851 779 955 807 esse
986 766 1263 809 manifestum
1294 773 1374 808 est.
1407 767 1561 821 Neque

86 846 199 888 enim
215 860 336 888 mare
348 845 636 900 Hellesponto
649 845 870 899 incumbit,
883 845 962 886 sed
975 845 1290 900 Hellespontus
1300 859 1471 887 summa
1479 845 1521 886 vi
1540 858 1564 886 e

88 925 196 967 mari
207 925 378 967 Euxino
395 940 450 966 ae
470 924 740 978 Propontide
758 924 986 977 profluens
1004 925 1063 966 ita
1078 925 1239 980 ingruit
1260 924 1564 978 mariAegaeo

87 1011 133 1045 ut
155 1003 272 1045 velut
302 1005 500 1058 pondere
530 1017 610 1045 suo
642 1003 786 1043 undas
814 1016 1018 1057 premere
1034 1004 1250 1045 videatur.
1281 1004 1344 1044 lta
1357 1002 1500 1058 §.1⁵27.
1515 1016 1564 1044 se

87 1084 312 1124 concitare
345 1083 504 1124 dicitur
533 1095 619 1136 quo
648 1082 1024 1124 vehementiorem
1044 1083 1249 1137 impetum
1265 1081 1410 1123 faciat.
1442 1081 1562 1135 Opti-

86 1174 198 1201 mam
230 1175 336 1202 vero
365 1161 626 1202 sententiam
659 1161 796 1201 verba
827 1160 955 1202 sicuti
987 1175 1103 1201 nunc
1133 1161 1342 1215 leguntur
1371 1174 1458 1201 non
1492 1173 1565 1200 ex-

85 1240 286 1293 primunt.
320 1239 520 1294 Namque
551 1239 849 1279 accusativum
875 1251 1025 1279 casum
1047 1252 1281 1293 numquam
1311 1238 1562 1279 cumverbo

85 1319 339 1359 incumbere
369 1318 576 1371 coniungi
595 1324 783 1359 constat.
843 1317 1112 1358 Necessario
1144 1317 1273 1371 igitur
1303 1323 1378 1357 aut
1406 1328 1563 1356 secun<

87 1397 187 1437 dum
218 1397 346 1438 codd.
378 1397 442 1438 Td
475 1396 759 1438 scribendum
788 1396 869 1436 erit
902 1396 948 1435 in
977 1410 1110 1446 unare,
1142 1403 1216 1435 aut
1236 1395 1350 1449 quod
1384 1395 1440 1434 ad
1467 1392 1562 1434 libri

85 1475 128 1516 R
154 1475 389 1517 lectionem
421 1476 604 1529 propius
635 1476 828 1526 accedit,
866 1476 1002 1515 mari
1030 1473 1255 1517 incumbit.

617 1589 712 1636 142
731 1613 780 1631 Ξ
800 1588 996 1636 ibidem.

154 1689 275 1737 Mox
306 1689 486 1753 oppida
514 1689 712 1749 Placia,
750 1688 1000 1748 Ariace‚
1037 1688 1247 1752 Scylace
1284 1690 1365 1732 rel.

197 1790 358 1830 Ariace
385 1803 541 1830 nemen
574 1789 614 1829 in
634 1789 720 1829 hac
738 1796 859 1829 certe
890 1788 1075 1842 regione
1105 1800 1294 1841 prorsus
1324 1784 1563 1825 inauditum

88 1883 144 1910 ex
168 1868 330 1909 Artace
356 1867 520 1908 tactum
550 1867 738 1916 videtur²
770 1866 1129 1922 frequentissima
1163 1865 1403 1906 litterarum
1430 1864 1446 1903 I
1469 1873 1512 1903 et
1529 1862 1564 1901 Τ·

89 1947 424 2004 permutatione.
483 1946 542 1986 At.
571 1960 680 1987 vero
713 1960 769 1986 ne
797 1945 964 1986 Artace
999 1945 1172 2000 quidem
1212 1958 1264 1984 eo
1299 1942 1399 1983 loco
1436 1955 1565 1997 quem

88 2027 252 2068 indicat
282 2025 444 2066 Plinius
474 2025 559 2066 sita
591 2023 684 2065 suit.
753 2023 848 2065 Duo
886 2025 998 2065 enim
1040 2024 1205 2078 oppida
1242 2023 1303 2063 ita
1340 2020 1565 2075 appellata

87 2113 203 2153 sunt,
234 2104 418 2145 alterum
447 2117 589 2157 prope
625 2101 836 2158 Cyzicum
868 2104 985 2158 quod
1016 2103 1146 2144 modo
1178 2103 1216 2157 ᾗ.
1237 2101 1328 2142 141.
1368 2099 1563 2141 nomina-

87 2185 228 2233 batur,
258 2182 440 2223 alterum
474 2182 528 2222 ad
563 2181 748 2223 Pontum
771 2182 987 2223 Euxinum
1019 2181 1132 2222 ultra
1159 2182 1329 2234 nigrum
1362 2192 1565 2233 promon-

88 2263 265 2310 torium,
305 2260 413 2301 alias
449 2262 619 2302 Artena
653 2260 723 2301 vel
748 2260 918 2302 Artana
949 2267 1186 2310 vocatum,
1228 2259 1284 2302 cf.
1310 2257 1565 2300 Ptolem.V.

90 2341 180 2382 1.5.
211 2341 420 2381 Neutrum
443 2340 528 2381 huc
559 2341 768 2395 quadrat:
800 2339 986 2381 alterum
1015 2340 1128 2380 enim
1159 2339 1215 2380 ad
1249 2340 1478 2389 orientem,
1509 2337 1567 2378 ad

91 2419 364 2459 occidentem
397 2419 579 2461 alterum
609 2420 784 2461 nimium
816 2420 870 2461 ab
897 2418 1126 2460 intervallo
1158 2419 1272 2459 inter
1300 2417 1492 2458 Placiam
1524 2422 1567 2456 et

92 2497 313 2552 Scylacen
360 2499 502 2538 medio
550 2497 705 2542 abfuit.
786 2499 1070 2552 Quapropter
1114 2510 1255 2549 prava
1302 2495 1567 2549 repetitione

89 2575 298 2617 vocabuli
328 2576 460 2630 paulo
493 2590 628 2631 supra
658 2577 790 2631 positi
818 2577 1055 2631 irrepsisse
1095 2575 1308 2627 arbitror,
1353 2573 1566 2627 originem

91 2662 235 2696 autem
265 2656 353 2696 vitii
383 2656 464 2696 etsi
496 2656 730 2697 manifesto
766 2655 1103 2709 deprehendere
1133 2669 1220 2696 non
1253 2654 1402 2707 liceat,
1434 2652 1564 2693 talem

93 2732 186 2774 fere
217 2733 356 2776 fuisse
392 2737 614 2790 suspicor,
644 2742 691 2775 ut
720 2735 759 2775 in
793 2735 962 2776 codicis
993 2734 1189 2788 primarii
1219 2734 1418 2788 margine
1450 2734 1561 2774 seri-

93 2818 248 2864 pturae
279 2814 535 2857 varietatem
578 2829 726 2856 Amfion
758 2814 812 2854 ad
845 2828 1004 2855 aanor:
1045 2813 1317 2866 adscriptam
1353 2813 1393 2852 in
1425 2812 1564 2865 ipsum

1231 2901 1288 2941 3*

1591 309 1670 349 110

1590 1599 1661 1639 lli
