1914 3237
741 171 855 208 Liber
884 169 1052 208 XXIII.
1555 164 1634 206 129

172 298 394 339 verborum
427 297 665 339 emendatio
697 301 910 350 tamquam
943 297 1081 336 stabili
1112 295 1386 336 fundamento
1415 294 1532 334 inniti
1564 291 1634 332 de-

173 376 313 417 bebat.
347 376 466 423 Quae
482 375 592 415 enim
623 374 691 414 ille
721 373 842 415 L133
868 373 926 413 sic
947 373 1136 414 elocutus
1168 380 1251 413 est:
1286 374 1368 415 σὺν
1389 372 1568 427 πηγάνῳ
1587 370 1634 412 δὲ

172 452 443 509 ἅφεψημένα
476 452 683 508 στρόφων
706 447 827 492 ἐστὶν
851 448 1084 504 ἑγκλυσμα,
1117 464 1167 491 ea
1188 451 1348 490 Plinius
1381 450 1435 490 ad
1465 449 1637 490 verbum

173 531 322 572 eodem
361 534 533 571 auctore
571 542 672 568 usus
714 529 940 583 expressit:
999 542 1085 569 cum
1115 536 1207 567 ruia
1240 536 1379 568 coelae
1408 530 1638 567 torminibus

167 616 346 660 prosunt.
407 606 567 647 Vocem
599 609 830 646 torminibus
857 605 1019 647 Graeco
1052 606 1258 662 στρόφων
1288 605 1545 659 respondere
1577 604 1637 643 in-

173 685 395 740 telligitur,
453 685 537 725 iam
583 698 607 724 a
646 683 836 724 Barbaro
882 683 1024 724 nescio
1057 697 1110 724 an
1141 697 1163 723 e
1195 683 1281 723 suis
1320 682 1535 723 codicibus
1575 695 1639 721 re-

171 768 360 818 ceptam3
400 770 514 804 cocta
560 771 596 801 et
627 765 823 814 ommibus,
874 761 984 816 quod
1018 761 1111 801 libri
1142 761 1271 801 nostri
1303 760 1481 811 habent,
1513 758 1640 798 Ianus

169 840 317 882 maluit
346 841 388 881 in
419 848 557 881 coctae
597 849 632 880 et
662 843 840 880 omnibus
884 845 1068 892 mutare,
1115 852 1239 893 quam
1287 838 1339 878 ad
1387 837 1639 878 sententiam

170 923 288 973 apte,
335 932 418 960 non
451 917 657 970 diiudico,
702 931 831 958 unum
862 931 1013 958 moneo
1044 925 1184 957 coelae
1213 920 1404 956 comnibus
1433 916 1504 956 vix
1536 914 1640 955 diffi-

170 997 290 1038 cilius
321 996 362 1036 in
394 1004 534 1037 coctae
556 999 784 1037 torminibus
817 996 982 1049 corrigi.
1041 994 1107 1035 Ita
1137 994 1213 1034 hoc
1233 994 1360 1034 Plinii
1391 1008 1484 1034 cum
1515 993 1640 1033 Dios-

169 1074 312 1115 coride
352 1087 561 1114 consensu
600 1074 794 1114 restituto
838 1074 1014 1113 alterum
1053 1072 1171 1113 initio
1215 1072 1295 1112 loci
1327 1073 1548 1127 anquirere
1580 1070 1640 1110 lu-

169 1152 252 1194 bet.
312 1155 385 1193 καὶ
415 1150 475 1200 εἷς
498 1152 575 1200 τὰς
607 1149 848 1206 οἶμηλίσεις
879 1151 926 1192 δὲ
964 1154 1166 1203 μίγνυται
1197 1154 1269 1191 καὶ
1302 1150 1361 1199 εἰς
1391 1155 1641 1202 γυναικείας

167 1234 327 1285 πυρίας
358 1229 467 1282 μετὰ
496 1229 654 1283 τήλεως
684 1229 707 1284 ἢ
736 1229 947 1283 πτισάνης
978 1228 1251 1269 Dioscorides
1292 1228 1480 1282 scripsit:
1513 1242 1641 1283 appa-

169 1314 232 1348 ret
281 1307 367 1348 feni
399 1307 551 1348 Graeci
584 1307 842 1347 mentionem
874 1321 898 1347 a
927 1306 1012 1347 sill.
1043 1314 1157 1346 recte
1189 1306 1242 1346 ad
1272 1306 1450 1347 feminas
1481 1306 1641 1358 referri,

168 1385 318 1427 Ianum
347 1385 547 1426 librorum
579 1384 698 1425 MSS.
731 1384 981 1438 scripturam
1020 1386 1191 1432 seminas
1221 1398 1376 1435 qnoque
1405 1391 1519 1425 recte
1554 1386 1642 1439 qui-

169 1464 264 1504 dem
295 1463 530 1504 restituisse
575 1462 648 1503 sed
679 1463 790 1503 male
831 1476 855 1502 a
893 1461 990 1503 feno
1022 1462 1186 1504 Graeco
1232 1463 1483 1504 seiunxisse.
1572 1464 1642 1503 Se-

169 1543 309 1598 quitur
350 1541 497 1582 tertius
550 1541 768 1595 utriusque
819 1541 1033 1595 scriptoris
1082 1556 1326 1582 cousensus.
1406 1547 1494 1591 τοῖς
1542 1546 1643 1596 περὶ

172 1620 400 1674 πνεύμονα
426 1624 617 1676 χρονίοις
643 1619 811 1661 πάθεσι
842 1633 949 1674 quae
981 1624 1077 1661 sunt
1108 1619 1218 1674 apud
1246 1619 1540 1660 Dioscoridem
1557 1620 1641 1660 Pli-

171 1699 265 1739 nius
295 1698 493 1753 pleuritin
534 1697 708 1738 addidit.
767 1696 916 1752 Itaque
949 1712 1050 1739 voce
1097 1707 1132 1737 el
1162 1712 1268 1753 quae
1302 1701 1352 1739 ab
1386 1712 1411 1739 a
1450 1698 1570 1739 abest.
1600 1699 1641 1739 in

171 1786 226 1818 est
255 1782 417 1817 mutata
446 1777 611 1832 levique
644 1777 970 1832 transpositione
999 1776 1111 1817 facta
1139 1777 1338 1831 legimus:

233 1858 331 1896 Utile
362 1864 418 1895 est
449 1859 533 1896 dee.
561 1858 696 1903 fovere
727 1870 860 1895 earum
876 1859 1045 1904 seminas
1068 1869 1222 1906 quoque
1242 1870 1326 1895 cum
1348 1861 1443 1905 feno
1469 1861 1643 1909 Graeco3

228 1938 417 1975 decoctae
442 1937 600 1973 eaedem
635 1938 744 1973 ntifes
773 1942 863 1973 sunl
892 1948 923 1973 e.
952 1949 990 1985 p.
1025 1949 1056 1975 e.
1080 1949 1122 1985 p.
1160 1938 1252 1974 Cum
1283 1943 1375 1975 ruta
1408 1936 1478 1976 rel.

756 2015 845 2061 132
883 2042 935 2059 ς.
973 2017 1098 2071 zm.
1645 2008 1724 2050 505>

244 2099 443 2149 Utiliora
479 2101 671 2165 persica
730 2115 978 2164 sucusque
1028 2116 1194 2150 eorum
1249 2102 1391 2150 etiam
1430 2102 1474 2149 in
1534 2102 1644 2151 vino

241 2194 322 2237 aut
358 2188 405 2237 in
443 2194 582 2238 aceto
622 2203 903 2252 expressus.
954 2187 1045 2249 Qui
1081 2189 1204 2238 alius
1242 2190 1346 2239 eius
1384 2190 1540 2255 pomis
1576 2182 1648 2238 inss

245 2276 502 2325 nocentior
533 2277 702 2326 cibus?

287 2352 542 2404 Commota&
567 2364 746 2404 orationi
778 2363 892 2404 locus
928 2379 1010 2405 non
1043 2370 1128 2418 est,
1173 2379 1280 2420 quae
1312 2366 1506 2420 suppleta
1546 2371 1644 2407 ante

176 2456 212 2482 v.
249 2456 323 2492 que
371 2441 474 2492 (hoc
514 2442 623 2482 enim
663 2442 704 2482 in
749 2442 865 2482 libris
904 2443 1133 2498 reperitur)
1178 2443 1340 2497 syllaba
1372 2445 1643 2486 emendatur:

174 2534 398 2572 expressus,
428 2534 583 2571 neque
623 2546 655 2548 —
695 2524 817 2573 cibus,
851 2520 899 2562 cf.
925 2521 1072 2574 §.1312
1110 2523 1194 2564 136.
1229 2522 1265 2575 ξ
1296 2524 1370 2565 ’141
1403 2537 1496 2564 cum
1529 2523 1644 2564 libris

174 2604 332 2640 cerasia
364 2604 410 2640 ut
441 2598 553 2653 apud
584 2598 777 2640 Dioscor.
809 2600 837 2639 I.
863 2600 956 2650 157,
985 2613 1069 2640 non
1099 2613 1242 2641 cerasa
1276 2602 1425 2643 scribo.

755 2713 844 2759 14⁶2
866 2730 924 2749 =
943 2713 1069 2768 834.
1648 2722 1728 2764 506

244 2796 414 2846 Nuclei
470 2798 608 2847 nucis
662 2799 835 2862 pineae
873 2828 929 2834 -—
968 2798 1232 2849 —fauces
1286 2801 1510 2850 videntur
1563 2818 1647 2851 ex-

1437 2889 1462 2932 9
