1914 3237
742 186 874 228 Liber
908 186 960 231 V.
1534 182 1590 224 75

682 307 747 355 77
765 328 818 352 =
836 308 918 369 20,
941 309 1020 356 17.

183 413 228 462 A
258 418 397 476 tergo
433 404 550 457 eius
576 407 842 475 (Sidonis)
879 425 1018 457 mons
1056 407 1273 457 Libanus
1307 425 1450 456 orsus
1483 407 1587 456 MD

184 501 353 550 stadiis
401 499 646 564 Simyram
695 515 850 563 usque
893 499 1186 566 porrigitur,
1237 515 1388 564 quae
1435 500 1589 546 Coele

183 575 332 657 Syria
363 589 744 654 cognominatur.
798 590 935 639 Huic
968 608 1058 656 par
1087 591 1444 640 interveniente
1466 593 1589 646 valle

183 698 320 730 mons
367 681 604 729 adversus
651 680 961 730 Antilibanus
1014 681 1295 731 obtenditur
1325 683 1589 746 *quondam

182 782 322 821 muro
360 771 664 820 coniunctus.
734 772 856 821 Post
891 789 1002 821 eum
1038 773 1282 821 introrsus
1317 778 1398 820 rel.

230 862 358 919 Quae
386 876 410 904 e
442 861 570 904 codd.
603 860 703 902 Dad
731 861 920 903 restituit
951 862 1172 920 Sinigius3
1210 863 1431 905 consentit
1460 862 1590 905 etiam

116 942 159 984 R
187 942 260 998 qui
290 941 424 982 habet
457 955 560 1002 que,
595 941 650 982 de
681 939 895 983 Toletano
926 942 1030 984 nihil
1059 950 1333 997 compertum
1363 941 1590 984 habemus.

117 1021 264 1076 Atque
302 1021 371 1062 sic
413 1020 543 1061 etiam
580 1020 621 1061 in
660 1021 849 1062 vetustis
891 1030 994 1063 ante
1037 1021 1269 1063 Gelenium
1311 1021 1591 1072 editionibus,

117 1099 251 1140 veluti
289 1098 516 1139 Benedicti
555 1097 730 1139 Veneta
766 1113 809 1143 a.
844 1099 963 1143 1507.
1003 1101 1215 1155 scriptum
1250 1100 1484 1154 reperitur.
1552 1100 1590 1140 A

119 1176 317 1227 Gelenio,
347 1183 395 1218 ut
410 1178 597 1228 videtur,
626 1186 748 1219 certe
778 1186 880 1219 ante
899 1178 1237 1233 Dalecampium
1264 1187 1493 1233 receptum
1524 1186 1593 1220 est

117 1270 218 1318 qua,
247 1255 402 1298 nescio
434 1265 576 1298 utrum
607 1256 778 1298 elibris
797 1256 904 1298 Mss.
935 1269 992 1298 an
1024 1271 1049 1299 e
1079 1259 1364 1309 coniectura,
1402 1259 1521 1314 quod
1550 1259 1593 1300 in

119 1336 228 1379 edit.·
262 1335 620 1377 Francofurtana
641 1334 820 1379 a.1582.
849 1336 946 1378 sine
974 1335 1063 1378 ulla
1093 1337 1377 1379 annotatione
1405 1338 1594 1380 invenio.

116 1415 321 1457 Ferenda
339 1422 428 1457 tum
451 1415 624 1470 quidem
653 1421 775 1458 esset
805 1423 1032 1457 structura
1062 1417 1317 1469 verborum,
1350 1417 1434 1459 etsi
1462 1417 1596 1459 valde

116 1495 382 1537 inconcinne
412 1509 501 1538 vox
525 1495 626 1536 huic
654 1507 742 1537 non
773 1494 830 1534 ad
861 1493 1028 1537 Coelen
1057 1494 1243 1551 Syriam¹
1264 1497 1344 1538 sed
1377 1496 1433 1538 ad
1462 1496 1594 1539 Liba·

116 1587 220 1616 num
254 1574 518 1617 referretur:
555 1584 686 1630 aptus
715 1588 824 1616 vero
855 1587 1017 1616 sensus
1047 1588 1103 1616 ex
1133 1576 1336 1617 oratione
1370 1575 1490 1617 Plinii
1521 1576 1594 1617 vix

120 1653 219 1696 elici
255 1653 428 1709 posset.
494 1650 593 1696 Hoc
632 1655 746 1696 enim
779 1653 946 1694 diceret
993 1652 1182 1704 Plinius,
1211 1655 1452 1710 'regionem
1483 1656 1596 1697 inter

121 1732 330 1775 Sidonem
361 1739 404 1774 et
433 1732 651 1787 Simyram
684 1731 851 1774 Coelen
887 1732 1061 1788 Syriam
1091 1734 1263 1785 vocari,
1304 1734 1423 1790 quod
1464 1749 1598 1776 secus

122 1819 203 1854 est.
261 1813 373 1853 Nam
410 1825 541 1867 quum
577 1811 755 1867 Simyra
793 1825 988 1867 quoque,
1031 1811 1088 1852 ad
1117 1810 1280 1854 flumen
1312 1812 1596 1855 Eleutherum

122 1890 228 1941 sita,
262 1891 371 1931 mari
410 1891 660 1941 adiaceret,
701 1898 943 1945 appareret
974 1889 1141 1932 Coelen
1176 1890 1352 1946 Syriam
1388 1893 1598 1935 maiorem

122 1967 386 2010 Phoeniciae
417 1978 590 2024 partem
623 1983 725 2012 esse
759 1977 982 2025 totamque
1009 1969 1283 2011 maritimam.
1343 1972 1449 2013 Scio
1481 1974 1599 2028 equi-

123 2047 221 2089 dem
249 2048 500 2091 universam
531 2048 785 2091 inferiorem
825 2049 1000 2104 Syriam
1039 2050 1094 2090 ad
1126 2063 1254 2104 quam
1284 2050 1525 2093 Phoenicia
1556 2060 1600 2094 et

122 2127 373 2170 Palaestina
394 2129 661 2184 pertineant,
677 2130 894 2171 interdum
915 2128 1078 2171 Coeles
1097 2129 1256 2183 Syriae
1279 2131 1454 2172 nomine
1480 2145 1600 2173 com·

121 2207 353 2263 prehendi,
380 2209 511 2264 idque
534 2222 561 2250 a
578 2208 761 2263 Polybio
793 2207 888 2250 fere
917 2222 1096 2263 semper
1125 2207 1286 2250 factum
1308 2223 1410 2251 esse
1436 2210 1600 2264 (v.42‚

121 2286 190 2338 86,
210 2287 306 2329 Liv.
325 2288 526 2329 XXXlll.
546 2287 616 2342 19,
647 2288 777 2329 XLII.
794 2287 860 2341 29,
878 2287 967 2342 45).
1023 2287 1339 2330 Verumtamen
1370 2291 1598 2345 proprium

122 2367 324 2408 vocabuli
361 2381 487 2408 usum
524 2368 638 2408 intra
675 2367 890 2408 Libanum
931 2374 975 2408 et
1010 2367 1309 2410 Antilibanum
1350 2371 1598 2412 consistere

124 2452 167 2486 et
195 2446 292 2500 ipsa
324 2446 526 2488 cavitatis
555 2448 675 2488 notio
705 2454 747 2488 et
778 2446 1139 2500 diligentissimus
1162 2457 1319 2490 auctor
1337 2450 1500 2492 Strabo
1531 2458 1598 2493 te-

122 2531 278 2565 statur.
334 2524 445 2565 Nam
475 2539 604 2580 quum
623 2526 707 2567 XV
712 2526 743 2569 1.
773 2541 817 2579 p.
835 2525 930 2566 756.
962 2533 1097 2568 totam
1127 2529 1353 2583 regionem
1386 2529 1498 2571 inter
1516 2529 1599 2571 Se-

122 2602 340 2644 leucidem
357 2605 697 2660 Aegyptumque
723 2607 852 2647 sitam
877 2605 1043 2649 Coelen
1062 2608 1237 2662 Syriam
1269 2607 1485 2662 appellari
1515 2615 1599 2650 tra-

125 2683 331 2735 didisset,
375 2684 557 2739 proprie
599 2693 743 2726 tamen
783 2685 954 2727 Libano
996 2693 1040 2727 et
1083 2687 1336 2729 Antilibano
1382 2688 1599 2730 contineri

125 2761 313 2814 addidit,
345 2762 404 2804 ita
434 2771 480 2804 ut
508 2763 704 2818 reliquus
734 2771 904 2806 tractus
938 2764 1189 2809 Phoenices
1221 2774 1264 2807 et
1292 2767 1484 2809 Iudaeae
1516 2782 1599 2809 no-

125 2839 238 2882 mine
269 2841 611 2894 discerneretur,
642 2843 696 2887 cf,
718 2859 756 2899 p.
772 2844 868 2896 749,
884 2844 980 2897 753,
998 2845 1095 2886 754.
1158 2845 1320 2888 Plinius
1349 2855 1493 2890 autem
1524 2861 1597 2889 ea-

1588 306 1667 347 v99
