1914 3237
727 176 848 215 Lv‘ber
863 173 1070 214 XXVIII.
1548 162 1623 204 171

168 309 307 363 quitur
326 308 544 363 genetivos
575 319 654 347 av.
684 304 817 357 ,cinis‘
845 306 966 357 aptos
997 314 1104 352 esse,
1134 304 1230 354 post
1258 312 1292 338 v.
1317 299 1458 346 equino
1485 296 1627 334 autem

168 402 204 428 ν.
234 399 323 437 qen
337 399 421 425 ere
450 383 670 425 excidisse.
701 381 901 422 Ceterum
930 379 1060 419 verba
1089 380 1325 427 efficctce'or-
1365 381 1477 413 aceto
1508 370 1627 411 uncis

167 462 422 506 includenda
460 466 581 514 sunt,
620 463 715 516 post
752 473 789 499 v.
821 462 937 500 illilus
973 456 1123 498 minori
1153 450 1477 508 interpungendi
1507 448 1629 502 signo

167 542 320 597 posito.

1657 600 1739 646 632

732 673 826 721 243
846 691 904 710 =
928 671 1082 728 18,74.

235 762 482 811 Feminum
520 760 655 809 vituli
694 759 814 808 cinis
849 757 1049 808 sordida
1083 755 1249 805 ulcera
1284 781 1344 788 —
1383 754 1534 800 sanat.

280 850 505 891 Marcellus
536 850 657 904 Emp.
689 863 723 889 c.
754 847 809 888 IV
850 846 1031 899 ‚Ulcera‘
1070 842 1226 898 inquit,
1267 854 1389 897 ,quae
1419 837 1633 880 sordidata

170 934 291 976 sunt„
333 928 416 969 fimi
449 927 613 968 vitulini
639 927 778 967 cinere
809 950 862 955 -—
891 924 1150 980 purgantur‘.
1209 920 1356 974 Itaque
1390 930 1412 958 e
1440 915 1632 958 codicum

170 1007 290 1048 MSS.
321 1006 512 1061 vestigiis
546 1006 796 1060 (fhmininum
824 1003 863 1042 V
894 1005 1042 1044 vitulini
1070 999 1174 1053 RV)
1219 995 1458 1039 necessario
1488 994 1632 1048 legen-

169 1084 268 1125 dum
301 1089 384 1125 est:

225 1165 348 1203 Fime‘
376 1164 580 1202 vitulini
609 1165 719 1202 ee'm's.
1664 1158 1745 1201 633

754 1295 848 1342 244
879 1313 921 1331 z
945 1294 1099 1349 1855.

237 1383 462 1434 Scabiem
482 1381 690 1432 hominis
705 1380 923 1429 asininae
945 1377 1188 1428 medullae
1209 1375 1417 1425 maxime
1437 1370 1633 1422 abolent

237 1478 281 1520 et
323 1472 485 1521 urinae
524 1470 743 1520 eiusdem
783 1486 890 1520 cum
930 1484 1019 1519 suo
1059 1468 1158 1516 luto
1192 1464 1355 1514 illitae.

284 1560 439 1601 Iterum
470 1560 686 1600 urinarum
716 1558 849 1600 lutum
880 1556 1146 1612 purgandum
1177 1554 1268 1605 erit,
1297 1551 1425 1607 idque
1440 1548 1637 1590 facillime

172 1639 245 1680 fiet
281 1639 345 1679 his
384 1637 433 1686 Q.
468 1638 615 1679 Sereni
653 1636 843 1677 versibus
893 1649 998 1691 quos
1037 1632 1171 1676 Hard.
1215 1630 1355 1673 attulit
1394 1626 1638 1682 diligentius

175 1715 471 1757 consideratis:
530 1715 656 1770 ‚Ergo
688 1715 821 1756 lutum
848 1713 1022 1769 prodest
1050 1711 1249 1754 membris
1286 1707 1488 1750 adhibere
1517 1704 1639 1746 frica-

176 1795 248 1845 tis,
290 1794 412 1842 Quod
451 1793 553 1835 facit
600 1807 653 1834 ex
692 1793 810 1834 asino
850 1795 1043 1832 saccatus
1095 1789 1282 1844 eorporis
1328 1786 1492 1827 humor.
1550 1781 1640 1824 Nec

176 1872 334 1927 pudeat
364 1877 546 1914 tractare
575 1872 718 1912 fimum
751 1870 864 1926 quod
894 1869 1041 1910 sucula
1069 1868 1202 1909 fudit‘.
1261 1864 1373 1914 Quid
1402 1863 1529 1919 igitur
1556 1861 1640 1902 Pli-

176 1950 269 1990 nius
290 1951 560 2004 praecepisse
580 1948 793 2002 putandus
814 1952 892 2001 est,
922 1948 1002 1989 nisi
1027 1946 1170 1988 idem?
1200 1944 1337 1998 Lege:
1370 1956 1457 1984 cum
1485 1944 1640 1983 suillo

174 2032 252 2068 luto
284 2031 418 2068 illitae.

286 2117 415 2172 §.249
448 2121 618 2168 coayulo
637 2116 804 2158 codices
825 2121 984 2165 omnes,
1015 2117 1207 2165 sanquine
1231 2111 1271 2165 d,
1303 2124 1411 2167 quae
1432 2113 1644 2151 structura

177 2202 304 2252 quum
337 2202 383 2237 ut
410 2195 592 2253 fortasse
621 2195 754 2236 rarior
784 2207 868 2234 non
894 2193 1065 2234 insolita
1094 2196 1236 2233 tamen
1269 2190 1322 2231 sit
1355 2188 1430 2236 (cf.
1462 2189 1498 2242 ξ.
1521 2187 1642 2239 257),

178 2275 320 2315 nescio
368 2273 512 2329 quidni
556 2254 650 2314 {um
690 2271 794 2313 Iano
835 2271 1034 2312 librorum
1074 2268 1195 2312 MSS.
1241 2267 1535 2310 auctoritatem
1577 2279 1641 2307 se-

176 2365 366 2406 quamur.

683 2461 777 2509 263
815 2473 885 2523 sq.
909 2479 951 2497 =
979 2461 1136 2517 20,81.
1671 2478 1751 2522 534

244 2548 439 2597 Mira-
462 2548 716 2596 traduntur
750 2547 797 2595 in
839 2546 1014 2595 iisdem
1050 2544 1338 2594 animalibus
1375 2581 1384 2592 .
1425 2581 1435 2592 .
1474 2582 1484 2592 .
1524 2542 1644 2592 Ani-

242 2635 437 2685 malium
476 2651 592 2685 vero
629 2635 920 2685 medicinas:
959 2635 997 2683 si
1038 2633 1239 2698 sanguis
1273 2632 1356 2681 rel.

285 2728 480 2766 medicina
510 2724 580 2766 R1.
612 2727 779 2764 medicin
809 2722 860 2763 V.
892 2721 1194 2763 Accusativum
1211 2722 1339 2762 Ianus
1366 2721 1426 2762 ita
1455 2718 1645 2761 defendit

175 2808 222 2844 ut
258 2816 351 2844 cum
391 2802 583 2857 proximo
624 2801 841 2857 superiore
881 2813 1008 2841 sensu
1053 2799 1261 2855 ,adeoque
1297 2798 1400 2840 nihil
1441 2797 1643 2839 omissum
