1914 3237
247 159 326 201 186
779 159 912 202 Liber
939 161 1073 202 XIV.
1106 161 1212 207 XV.

246 283 346 324 illud
379 282 487 322 alias
518 283 574 322 ad
606 282 724 324 hanc
753 285 1047 326 narrationem
1079 283 1274 326 confert?
1334 284 1515 326 Scilicet
1545 285 1711 325 adscri-

243 361 330 416 psit
360 374 411 400 ea
432 360 650 414 librarius,
678 362 748 416 qni
781 363 908 403 etiam
931 375 1110 403 saevum
1128 362 1230 404 alibi
1248 363 1468 404 Tiberium
1500 371 1543 403 et
1572 362 1710 403 fuisse

244 447 286 480 et
323 439 540 493 appellari
578 441 861 481 meminisset.
935 441 1103 488 Quibus
1142 441 1295 482 eiectis
1324 440 1508 495 pulchre
1552 454 1712 482 severa

241 519 452 573 principis
492 527 704 562 scnectus
746 520 954 560 iuventuti
1002 520 1145 561 bibaci
1187 521 1438 574 opponitur.
1514 517 1710 560 Alterum

242 612 414 653 quoque
445 597 669 652 glossema
706 598 747 638 in
790 599 1093 652 superioribus
1131 598 1270 640 latere
1309 599 1498 640 videtur.
1566 598 1709 645 Quum

242 677 353 718 enim
383 678 424 717 in
452 675 970 729 universum‚apotando
986 675 1210 731 Torquato
1243 690 1487 731 cognomen
1518 677 1708 717 additum

241 770 344 797 esse
383 755 466 795 iam
508 755 761 796 tradidisset
802 755 990 805 Plinius,
1029 757 1256 796 aimotavit
1298 756 1514 816 idem-ille
1550 764 1708 797 acutus

239 835 576 890 grammaticus,
607 841 730 874 recte
760 833 876 874 haud
908 834 1052 884 dubie,
1095 847 1122 874 a
1155 835 1292 875 tribus
1324 835 1492 889 congiis
1522 834 1708 875 Tricon-

238 915 353 969 gium
383 920 586 954 vocatum
621 926 736 953 esse.
795 911 841 952 ln
872 910 908 966 ᾗ.
929 910 1022 954 145.
1053 925 1249 951 sermone
1276 918 1396 953 recte
1436 910 1567 965 vulgo
1608 912 1708 953 ede-

240 995 387 1042 batur,
419 991 532 1050 quod
566 990 620 1030 ad
653 989 865 1030 orationis
897 989 1234 1031 concinnitatem
1265 990 1390 1032 unice
1420 997 1568 1044 aptum
1602 1000 1681 1032 cst.

781 1078 877 1126 146
896 1100 945 1123 -.-.
964 1078 1160 1127 ibidem.

307 1173 525 1238 Tergilla
556 1170 785 1220 Ciceroni
815 1171 883 1219 M.
913 1170 974 1218 F.
1015 1170 1153 1219 binos
1185 1171 1382 1236 congios
1414 1172 1556 1220 simul
1592 1172 1704 1220 hau-

132 1092 156 1130 δῦ

160 1092 212 1132 Ξ

306 1264 405 1311 rire
434 1263 627 1312 solitum
664 1262 782 1326 ipsi
818 1262 983 1310 obiicit
1012 1262 1277 1327 Marcoque
1303 1263 1553 1328 Agrippae
1582 1279 1609 1310 a
1638 1270 1706 1310 te-

305 1356 518 1403 mulento
554 1355 792 1419 scyphum
829 1354 1106 1418 impactum.

347 1445 524 1487 Haereo
544 1446 584 1486 in
607 1444 791 1486 molesto
806 1443 1021 1486 vocabulo
1038 1445 1129 1500 ipsi,
1157 1444 1273 1499 quod
1294 1442 1380 1484 hoc
1402 1442 1575 1497 quidem
1605 1442 1705 1484 loco

237 1525 343 1565 ferri
383 1525 454 1565 vix
498 1524 669 1578 poterit.
750 1523 899 1570 Quare
938 1529 1012 1562 aut
1050 1522 1105 1562 ad
1140 1521 1381 1575 Agrippam
1422 1519 1704 1561 referendum

233 1602 604 1657 scribendumque
636 1607 703 1642 est
734 1602 895 1661 ipsique
917 1600 1069 1640 Marco
1087 1601 1142 1652 A,
1173 1606 1246 1640 aut
1275 1599 1391 1654 quod
1423 1606 1644 1653 praestat:

707 1677 888 1718 haurire
914 1677 1084 1717 solitum
1114 1690 1231 1716 esse.

346 1758 528 1800 Solitum
561 1757 674 1798 enim
707 1755 786 1797 snit
817 1754 1021 1797 Ciceroni
1051 1754 1241 1796 haurire.

804 1889 998 1944 LIBER
1034 1889 1138 1944 XV.

127 2024 208 2065 243
854 2003 884 2050 6
904 2027 948 2045 =
974 2004 1015 2062 1,
1039 2002 1084 2049 2.

306 2127 356 2132 —
377 2096 557 2160 optima
578 2101 737 2142 autem
761 2101 893 2141 aetas
917 2092 976 2140 ad
988 2093 1351 2156 decerpendum
1374 2092 1500 2140 inter
1514 2092 1699 2156 copiam

296 2187 680 2251 bonitatemque,
726 2184 989 2248 incipiente
1022 2186 1141 2231 baca
1175 2183 1456 2247 nigrescere
1471 2222 1483 2243 ‚
1529 2199 1600 2246 qu
1614 2198 1697 2229 am

297 2286 471 2327 vocant
502 2278 734 2341 druppaS‚
774 2275 959 2325 Graeci
994 2292 1112 2323 vero
1150 2273 1452 2338 drypctidas.

343 2369 487 2425 Quam
526 2381 606 2422 pro
636 2381 750 2408 voce
790 2365 1055 2420 interpolata
1085 2364 1244 2406 Nostri
1281 2364 1462 2419 scripsit
1492 2361 1699 2416 Silligius,

229 2463 358 2503 quum
389 2456 533 2489 tamen
565 2459 673 2507 quas
706 2445 940 2486 dicendum
970 2443 1141 2484 fuisset.
1217 2441 1408 2483 Codices
1445 2454 1554 2482 vero
1583 2439 1656 2480 Ta
1673 2441 1697 2478 d

229 2527 437 2569 exhibent
469 2539 588 2575 curn,
629 2523 689 2563 Dl
717 2537 817 2583 qum
852 2521 915 2562 D²
947 2536 1089 2581 quam.
1157 2521 1308 2575 ltaque
1339 2519 1456 2560 haud
1483 2519 1611 2560 dnbie
1641 2516 1699 2558 le-

228 2606 417 2660 gendum
445 2612 513 2645 cst
541 2617 686 2664 quarn.
757 2602 866 2642 Tum
898 2602 1010 2642 enim
1042 2615 1171 2655 quum
1201 2601 1459 2654 nigrescere
1488 2598 1699 2652 incipiunt

229 2685 386 2732 bacae,
419 2683 618 2736 druppae
648 2680 940 2729 nominantur,
974 2678 1034 2720 cs.
1057 2678 1260 2721 X11.130.

124 2810 204 2851 244
843 2781 873 2828 9
896 2806 940 2824 =
961 2781 1008 2841 3,
1030 2781 1074 2828 3.

299 2875 432 2922 Suus
467 2872 662 2936 quidem
694 2871 848 2920 olivae
883 2887 1030 2919 sucus
1053 2871 1214 2918 oleum
1249 2876 1341 2931 est,
1369 2869 1519 2934 idque
1558 2884 1695 2934 prae-
