1914 3237
136 334 210 375 531

247 160 328 204 138
359 223 374 230 ἱ
829 161 949 200 Liber
977 160 1116 202 AXV.

837 295 898 342 35
917 311 978 336 z
994 295 1118 351 4,st

314 379 509 429 Herculi
548 396 654 429 eam
690 394 886 444 quoque
924 381 1229 438 adscribunt,
1292 395 1417 444 quae
1453 377 1712 443 Apollina-

312 469 396 525 riS‚
448 468 578 530 apud
614 468 806 516 Arabas
843 467 1073 517 altercuui
1122 470 1243 531 [sive
1280 469 1711 532 altercangenumj,

310 556 437 621 apud
479 555 695 605 Graecos
735 570 849 604 vero
888 555 1220 620 hyoscyamos
1261 555 1546 621 appellatur.

355 643 506 684 Tribus
535 644 646 684 vitiis
676 643 793 684 locus
824 642 1008 684 laborat:
1041 650 1105 685 est
1136 644 1246 685 enim
1279 649 1320 685 et
1348 645 1518 685 mutilus
1549 649 1590 685 et
1620 657 1710 685 cor-

244 727 393 777 ruptus
432 728 474 763 et
503 721 793 775 interpolatus.
853 720 1040 761 ,Primum
1070 722 1198 776 igitur
1239 722 1554 763 vocabula‘slve
1593 726 1712 762 aller-

246 814 465 850 canyemtm
486 813 593 854 quae
620 804 661 839 ct
690 798 756 839 hic
788 802 829 839 et
860 798 900 838 in
932 798 1069 840 indice
1099 800 1203 842 libro
1234 800 1265 842 Ι.
1297 801 1349 841 ab
1381 799 1573 841 omnibus
1596 799 1713 840 libris

245 877 365 919 MSS.
397 877 551 918 absunt
587 890 609 917 e
640 876 909 917 Murbacensi
943 875 1135 919 Oornarii
1167 878 1220 919 ad
1251 878 1442 919 Dioscor.
1473 878 1629 929 IV.49‚
1662 877 1714 918 de

247 969 327 1011 quo
358 954 461 995 nihil
491 955 660 996 omnino
692 958 871 1006 constat,
905 955 1014 996 male
1047 955 1131 997 Sili.
1165 962 1207 997 et
1237 934 1325 998 Ian.
1358 960 1608 1011 receperunt
1639 955 1713 996 du-

247 1033 346 1075 dum
389 1033 440 1074 ab
489 1032 712 1073 Harduino
760 1033 947 1086 expulsa.
1005 1033 1114 1075 Nam
1155 1048 1208 1075 ne
1252 1034 1406 1076 Latina
1441 1034 1610 1089 quidem
1656 1033 1714 1074 vi-

248 1112 399 1153 dentur
429 1124 536 1152 esse.
569 1111 676 1151 Tum
708 1110 825 1151 initio
856 1111 1065 1166 quaedam
1095 1112 1360 1154 intercidisse
1376 1113 1593 1153 Pintianus
1624 1123 1713 1152 rec-

248 1191 408 1231 tissime
421 1187 738 1230 animadvertit:
771 1193 884 1239 apud
898 1190 1050 1231 nosille
1062 1191 1189 1232 inseri
1202 1191 1344 1244 voluit,
1376 1195 1421 1232 ut
1449 1189 1716 1251 XX1V.1423

247 1268 305 1308 At
336 1269 394 1309 sic
426 1282 462 1309 v.
483 1270 727 1318 Apollinaris
756 1267 868 1309 nude
898 1268 1038 1323 posita
1067 1283 1150 1318 non
1183 1268 1449 1324 intelligitur3
1482 1279 1589 1322 quae
1620 1279 1714 1308 cum

186 1340 189 1341 ⁷
247 1345 443 1387 Herculis
455 1346 666 1386 contraria
682 1358 776 1386 esse
789 1346 993 1399 videatur,
1025 1349 1155 1388 tutius
1169 1347 1246 1387 erit
1258 1346 1571 1401 praepositione
1594 1357 1714 1399 repe-

147 2510 228 2554 532

248 1425 325 1465 tita
346 1423 579 1464 secundum
598 1422 690 1464 cod.
708 1437 728 1463 r
759 1423 941 1465 scribere
953 1427 1062 1474 apud
1091 1427 1204 1474 alios,
1236 1428 1347 1476 apud
1375 1437 1460 1465 nos.
1492 1423 1714 1464 Postremo

252 1502 414 1543 Arabes
428 1501 812 1556 Latineloquuntur
828 1502 1103 1556 ineptissime.
1122 1501 1384 1543 Vocabulum
1405 1502 1514 1543 enim
1526 1505 1714 1541 altercum

249 1580 301 1620 ab
319 1578 562 1620 altercando
583 1579 676 1620 duci
697 1579 939 1620 Scribonius
953 1581 1110 1635 Largus
1128 1593 1310 1635 compos.
1328 1580 1405 1622 2181
1418 1580 1470 1621 ab
1490 1578 1711 1620 Harduino

248 1657 444 1699 laudatus
483 1656 546 1697 his
576 1657 715 1698 verbis
748 1657 981 1699 luculenter
1018 1671 1095 1699 nos
1135 1657 1278 1699 docet:
1339 1662 1536 1702 Allercum
1570 1681 1616 1685 —
1651 1660 1717 1712 qui

251 1739 428 1775 biberunt
459 1768 464 1774 .
497 1767 506 1776 .
538 1743 660 1778 meme
699 1739 978 1776 abalienantur
1016 1750 1102 1777 cum
1140 1739 1312 1787 quadam
1350 1739 1559 1776 verborum
1600 1738 1716 1774 aller-

250 1817 427 1853 eatione:
475 1816 568 1852 inde
597 1816 694 1853 enim
724 1816 802 1854 hoc
830 1827 969 1854 nomen
1010 1817 1133 1854 herba
1164 1817 1285 1854 trahit
1313 1818 1511 1856 aller-cum.
1571 1812 1717 1866 Itaque

251 1906 333 1933 non
358 1891 522 1931 Arabas
555 1891 628 1931 sed
660 1891 875 1934 Romanos
907 1892 1115 1933 nominari
1145 1897 1342 1947 apparet,
1384 1904 1522 1946 neque
1552 1895 1719 1946 praeter

251 1969 343 2010 cod.
377 1969 423 2021 d,
456 1970 573 2010 cuius
606 1969 721 2010 nulla
752 1974 816 2010 est
845 1983 947 2024 prae
979 1970 1147 2025 reliquis
1180 1970 1429 2021 auctoritas,
1461 1968 1555 2010 libri
1585 1967 1717 2008 nomi-

252 2052 468 2088 naverunt.
533 2051 677 2088 Arblle's
706 2047 836 2088 habet
867 2061 904 2100 a,
936 2050 1107 2088 Arabilz's
1138 2047 1231 2087 VR
1266 2073 1309 2076 —
1345 2047 1367 2087 ἰ,
1399 2061 1431 2088 e.
1463 2048 1505 2087 in
1537 2045 1720 2100 negotiis

252 2125 427 2179 agendis
470 2126 589 2180 quasi
631 2125 823 2166 rabiosos
866 2125 953 2166 sive
992 2125 1228 2167 causidicos
1267 2125 1516 2180 pugnaciter
1546 2124 1719 2178 loquen-

253 2210 339 2255 tes,
388 2208 433 2243 ut
471 2204 585 2244 Festi
624 2203 762 2244 verbis
809 2208 915 2244 utar.
972 2203 1094 2244 Haec
1137 2203 1262 2258 igilur
1299 2203 1460 2243 Plinius
1501 2202 1720 2256 scripsisse

255 2281 468 2335 putandus
499 2286 584 2321 cst:

313 2362 359 2399 H.
400 2373 428 2398 e.
470 2374 506 2409 q.
545 2373 583 2399 a.
622 2373 726 2409 (μακε
757 2362 997 2410 Apollinaris
1040 2362 1172 2410 apud
1211 2363 1361 2410 alios,
1401 2362 1538 2411 apud
1573 2372 1659 2399 nos
1698 2372 1722 2398 a

310 2452 331 2477 r
343 2451 366 2485 a
381 2441 402 2475 l>
418 2441 514 2477 ulls
546 2441 756 2487 aller-cum,
788 2440 900 2487 apud
931 2441 998 2477 Gr.
1030 2451 1061 2476 ι).
1092 2440 1128 2478 lz.
1161 2451 1197 2477 α.

865 2517 923 2563 37
946 2531 998 2549 =
1016 2518 1139 2573 4‚17.

328 2602 517 2667 Quippe
555 2603 696 2651 ctiam
735 2601 862 2651 foliis
906 2608 1096 2653 constat
1133 2607 1340 2652 mentem
1390 2602 1645 2667 corrumpi,
1684 2602 1724 2650 si

329 2690 460 2754 plura
499 2706 640 2753 quam
684 2696 890 2754 quatuor
929 2691 1115 2752 bibautg
1152 2691 1292 2740 ctiam
1315 2690 1496 2756 antiqui
1528 2691 1572 2738 iu
1614 2691 1723 2741 vino

326 2779 493 2831 febrim
533 2777 711 2842 depelli
749 2778 1051 2829 arbitrantur,

1908 2936 1912 2978 ⁴-
1904 2848 1913 2918 A—a-
