1914 3237
197 2025 270 2065 116

282 153 337 196 86
894 147 1027 192 Liber
1057 150 1100 192 V
1098 148 1140 193 I.

398 273 522 314 Ponti
539 272 698 315 Euxini
719 271 837 315 freta
864 273 1011 315 vivida
1040 280 1083 315 et
1112 272 1332 315 concitata
1357 273 1558 314 oratione
1587 273 1756 316 descri-

286 354 347 394 bit
371 352 547 404 Plinius,
581 359 625 394 et
654 351 884 407 Bosporos
913 352 1088 407 quidem
1118 351 1250 394 valde
1282 357 1499 406 angustos
1530 363 1632 393 esse
1658 352 1758 407 ipsa

287 431 472 472 nominis
503 431 792 488 originationc
823 429 1049 480 declarat,
1091 443 1220 485 quam
1254 429 1406 485 peritis
1433 429 1506 471 vel
1533 429 1758 472 indicasse

287 510 398 550 satis
427 509 518 551 fuit.
578 510 757 551 Transit
788 509 945 550 deinde
976 508 1033 549 ad
1064 507 1150 549 alia
1180 515 1437 562 argumenta
1469 509 1608 564 magis
1629 509 1760 551 etiam

288 587 488 641 insignia.
546 589 780 636 Quomodo
819 587 949 642 igitur
981 593 1067 627 tam
1102 587 1250 641 inepte
1291 587 1466 628 doctum
1501 601 1605 629 sese
1639 587 1760 629 exhi-

288 665 438 707 buisse
474 667 695 720 putandus
727 672 818 716 est,
851 671 899 705 ut
927 677 1019 704 rem
1052 665 1202 718 pueris
1234 665 1505 706 notissimam
1535 664 1759 719 significa-

288 753 354 785 ret
370 745 612 800 iterumque
634 745 792 787 deinde
820 742 1057 798 legentium
1086 743 1241 785 animis
1264 744 1540 785 inculcaret?
1576 744 1635 786 At
1654 757 1761 786 vero

290 823 652 877 interpolatorem
684 823 884 865 eruditae
915 822 1212 863 annotationis
1239 835 1327 862 non
1357 822 1507 876 piguit.

902 965 964 1012 10
987 986 1032 1005 =
1055 963 1101 1024 3,
1122 962 1171 1010 4.

360 1066 476 1114 Fuit
510 1065 743 1131 oppidum
783 1065 957 1113 eodem
992 1064 1186 1112 nomine
1228 1070 1278 1111 et
1314 1063 1406 1110 alia
1442 1062 1512 1124 V,
1561 1063 1763 1111 Amazo-

355 1157 505 1218 nium,
527 1156 870 1221 Themiscyra,
902 1154 1084 1215 Sotira,
1112 1152 1325 1214 Amasin,
1359 1153 1573 1201 Comana
1608 1168 1766 1201 nunc

359 1247 412 1294 M
430 1263 455 1293 a
469 1246 632 1294 tium.

406 1359 471 1399 Ita
501 1359 632 1399 codd.
650 1359 761 1401 Rdr.
791 1360 1015 1402 inmitium
1047 1358 1166 1400 dedit
1196 1355 1406 1410 Silligius‚
1437 1353 1666 1394 Manteum
1695 1353 1767 1396 vel

293 1437 539 1478 Manteium
565 1438 731 1493 reliqui.
775 1439 941 1480 Verum
973 1436 1195 1480 oraculum
1221 1449 1317 1476 cum
1337 1434 1632 1475 Comanorum
1662 1439 1766 1474 tem·

294 1514 368 1568 plo
400 1516 639 1570 antiquitus
671 1517 951 1558 coniunctum
978 1524 1020 1557 et
1040 1517 1111 1557 diu
1130 1522 1232 1556 ante
1256 1513 1376 1554 Plinii
1407 1519 1597 1554 aetatem
1627 1512 1768 1555 fuisse

291 1601 484 1644 constat,
520 1593 578 1637 cf.
599 1594 706 1637 Hirt.
727 1595 831 1636 Bell.
850 1595 978 1638 Alex,
997 1594 1065 1636 (56.
1098 1594 1278 1635 Matium
1311 1599 1457 1632 autem
1491 1591 1621 1632 etiam
1652 1590 1767 1634 infra

292 1673 330 1727 §.
347 1671 411 1715 12.
437 1673 685 1714 nominatur
715 1687 740 1714 a
761 1674 837 1715 Ma
863 1674 961 1724 dea,
993 1680 1040 1714 ut
1071 1673 1259 1725 videtur,
1286 1668 1567 1724 appellatum.
1606 1670 1768 1712 Mirum

292 1764 403 1792 sane
422 1751 608 1799 videtur,
643 1752 759 1806 quod
779 1765 1027 1806 cognomen
1060 1750 1162 1792 illud
1192 1749 1342 1805 oppidi
1368 1748 1644 1790 celeberrimi
1666 1749 1768 1791 alibi

293 1843 379 1870 non
417 1830 658 1883 reperitur,
699 1844 849 1872 verum
887 1833 928 1872 in
969 1844 1017 1871 re
1048 1831 1216 1871 incerta
1246 1827 1513 1869 coniecturis
1549 1828 1768 1871 abstinen-

296 1908 396 1949 dum
427 1908 519 1949 erit.

903 2008 1153 2070 14:4,4.

363 2139 426 2145 -—
480 2125 599 2173 gens
653 2108 815 2157 Salae
873 2109 1079 2174 antiquis
1134 2108 1491 2173 phthirophagi
1551 2108 1667 2158 dicti
1720 2119 1770 2160 et

364 2200 521 2248 alias
561 2200 714 2248 Suani
760 2228 828 2235 —

412 2310 767 2365 Plithiropliagos
805 2324 832 2350 a
862 2309 1023 2352 Suanis
1055 2308 1278 2364 distinguit
1311 2309 1471 2349 Strabo
1503 2309 1573 2361 XI.
1604 2325 1646 2364 p.
1672 2311 1770 2363 499,

299 2390 446 2444 itaque
475 2403 557 2442 pro
588 2389 696 2428 alias
726 2389 819 2429 sive
850 2389 936 2440 ala,
967 2396 1012 2429 ut
1043 2389 1085 2429 in
1112 2388 1154 2428 R
1174 2387 1355 2442 legitur>
1389 2387 1670 2430 scribendum
1702 2398 1771 2432 est

299 2468 426 2507 alia.
517 2467 646 2509 Salas
685 2467 963 2508 Ptolemaeus
1001 2467 1071 2507 111.
1094 2467 1134 2508 5.
1165 2466 1233 2510 22.
1278 2467 1318 2506 in
1370 2467 1591 2507 Sarmatia
1635 2467 1771 2509 Euro-

298 2559 412 2599 paea
444 2545 670 2588 habitasse
703 2547 833 2586 tradit
864 2553 906 2587 et
936 2545 1055 2586 Σάλοι
1087 2544 1298 2600 appellat,
1333 2545 1448 2586 unde
1479 2544 1673 2587 fortasse
1691 2544 1771 2588 Sa-

300 2623 366 2663 Iae
398 2625 438 2664 in
471 2623 629 2665 Saloe
658 2632 827 2665 mutare
860 2632 1073 2678 praestat.
1136 2624 1240 2664 ltem
1269 2624 1339 2678 qui
1362 2624 1400 2679 ᾗ.
1424 2623 1485 2663 16.
1513 2622 1773 2679 Epaqert'tae

300 2710 530 2752 vocantur,
563 2704 679 2756 apud
704 2703 1003 2744 Ptolemaeum
1034 2710 1135 2743 sunt
1162 2706 1423 2757 Παγυρῖτακ
1455 2708 1595 2742 utrum
1627 2710 1770 2744 autem

302 2794 459 2822 nomen
492 2780 833 2833 praeferendum
865 2782 1085 2829 videatur,
1126 2781 1303 2822 decerni
1335 2781 1493 2835 nequit.

1904 1311 1905 1326 μ
1901 1268 1906 1287 ..-
1900 1093 1908 1253 «ςΑ-ῃα...
