1914 3237
710 147 843 190 Liber
871 148 945 190 II.
1511 141 1562 183 31

93 274 243 315 seruit.
318 273 427 313 Nam
469 284 525 313 ne
564 271 661 326 quis
697 283 907 311 venarum
945 278 989 312 et
1023 270 1284 312 arteriarum
1316 266 1565 308 discrimine

93 353 209 408 quod
242 351 328 393 illic
357 350 607 405 exponitur,
643 350 810 391 abusus
840 347 988 390 locum
1016 355 1215 390 nostrum
1247 349 1302 389 ab
1333 347 1473 388 altero
1504 346 1565 387 di-

92 444 271 473 versum
303 443 406 471 esse
437 428 690 479 contendat,
722 428 835 469 idem
852 426 1119 482 Herophilus
1151 426 1222 481 qui
1251 426 1432 475 XLLJIS),
1463 438 1566 481 „ar-

92 510 298 551 teriarum
321 508 495 563 pulsum
516 507 558 548 in
577 506 779 548 modulos
807 513 955 548 certos
983 507 1199 560 legesque
1230 505 1466 545 metricas2‘
1495 505 1567 547 de-

91 587 332 641 scripsisse
359 594 582 638 narratur,
610 585 830 629 XXIX.6.
859 585 934 637 „in
963 585 1158 626 musicos
1187 583 1328 638 pedes
1356 597 1567 625 venarum

91 665 221 720 pulsu
253 666 505 720 descripto“
534 664 795 707 inclaruisse
820 663 975 709 fertur.
1017 663 1308 706 Scribendum
1340 670 1408 704 est
1440 662 1568 718 igitur

91 745 242 788 verbis
273 744 574 800 suppositiciis
606 743 786 785 deletis:

425 823 596 880 pulsnm
622 837 834 863 venarum
863 822 999 880 ntayis
1027 821 1232 863 sentiunt.

604 925 700 973 225
723 948 774 968 =
796 924 910 985 103,
934 923 1047 972 106.
1592 927 1644 968 41

161 1027 372 1093 Quidam
402 1027 626 1091 (amnes)
657 1042 776 1075 vero
809 1025 921 1074 odio
958 1024 1105 1073 maris
1136 1025 1345 1072 subeunt
1382 1023 1504 1072 vada

92 1129 226 1169 maris
255 1128 368 1184 ipsa
399 1126 439 1167 A
468 1133 512 1167 et
540 1125 651 1167 Rob.
682 1126 773 1181 ipsa
802 1125 917 1165 vada
949 1126 974 1166 d
1010 1125 1076 1164 ΡΗ
1106 1124 1160 1164 al
1197 1123 1314 1163 vada
1351 1125 1567 1165 omittunt.

92 1207 258 1249 Nescio
286 1220 367 1248 cur
382 1206 532 1260 optimi
548 1205 646 1246 libri
668 1204 935 1258 scripturam
951 1203 1174 1257 spreverit
1191 1202 1402 1257 Silligius.
1439 1204 1570 1244 Nam-

93 1300 178 1343 que
206 1287 307 1341 ipsa
334 1286 450 1327 vada
478 1291 526 1325 ut
554 1283 752 1325 subirent
779 1296 933 1325 amnes
955 1282 1089 1324 maris
1119 1282 1222 1323 odio
1250 1279 1436 1324 ad'actos
1467 1297 1570 1325 esse

92 1366 319 1407 Plinianae
368 1364 541 1420 quidem
588 1362 838 1416 elegantiae
884 1361 1014 1404 valde
1060 1369 1129 1404 est
1172 1362 1569 1404 accommodatum.

92 1445 192 1487 Vox
222 1453 367 1486 autem
398 1444 486 1499 ipse
515 1442 672 1484 eodem
697 1443 828 1484 modo
860 1441 1007 1498 §.164‘
1036 1447 1292 1496 usurpatur.

610 1556 710 1604 226
729 1577 781 1599 =
803 1555 916 1616 103,
938 1555 1049 1602 106.
1594 1563 1648 1602 42

156 1660 215 1707 In
253 1658 493 1706 Ciconum
528 1657 728 1705 flumine
768 1664 816 1705 et
845 1655 934 1723 [in
961 1654 1216 1722 Piceno]
1248 1656 1358 1703 lacu
1394 1655 1569 1703 Velino

157 1749 339 1814 lignum
378 1747 624 1795 deiectum
659 1747 854 1812 lapideo
889 1745 1074 1794 cortice
1111 1746 1386 1794 obducitur.

199 1849 399 1903 Benigna
431 1847 795 1900 interpretatione
832 1847 893 1888 uti
928 1845 1050 1887 libuit
1087 1844 1314 1888 Harduino
1349 1859 1436 1902 qua
1473 1859 1568 1887 eam

90 1928 355 1971 Sabinorum
384 1926 628 1981 regionem,
661 1939 717 1968 ex
736 1939 822 1982 qua
841 1926 925 1968 orti
956 1925 1045 1967 sint
1061 1924 1288 1975 Picentes,
1321 1926 1470 1967 Piceni
1490 1940 1571 1966 no-

89 2008 203 2049 mine
235 2005 454 2061 appellari
485 2005 636 2048 vellet.
699 2004 861 2046 Cll.lll.
886 2004 984 2055 110,
1014 2004 1164 2047 Strab.
1185 2005 1239 2046 V.
1263 2005 1419 2060 1122&
1477 2005 1570 2047 Ve-

89 2100 183 2128 rum
215 2094 375 2136 tamen,
405 2092 453 2126 ut
487 2085 702 2134 omittam,
737 2085 944 2126 Picentes
971 2084 1045 2125 vix
1076 2098 1100 2126 e
1131 2084 1257 2127 lacus
1288 2084 1434 2126 Velini
1463 2084 1570 2125 vici-

88 2166 162 2208 nia
198 2165 280 2207 sed
317 2166 372 2206 ab
413 2164 726 2220 antiquissimis
759 2164 1024 2205 Sabinorum
1055 2164 1237 2206 sedibus
1266 2164 1494 2206 Amiterno
1526 2170 1571 2204 et

90 2245 295 2287 Testrina
312 2242 542 2299 profectos
570 2243 693 2285 visos
717 2256 820 2284 esse
850 2242 1095 2295 veteribus,
1129 2249 1295 2284 certum
1329 2250 1397 2284 est
1426 2241 1568 2284 lacum

95 2324 296 2365 Velinum
324 2323 457 2365 nihilo
487 2323 630 2378 magis
653 2323 694 2364 in
714 2322 879 2363 Piceno
911 2321 1121 2364 collocari
1149 2323 1350 2377 potuisse
1380 2336 1406 2363 a
1429 2322 1568 2364 Plinio

92 2416 222 2458 quam
256 2403 508 2457 Syracusas
538 2402 579 2441 in
616 2401 950 2455 Peloponneso,
992 2416 1121 2456 quum
1158 2401 1273 2444 infra
1304 2402 1375 2443 lIl.
1401 2400 1495 2442 109.
1527 2408 1569 2442 et

92 2482 187 2523 110.
226 2481 403 2522 disertis
448 2479 597 2521 verbis
640 2479 821 2521 Velinos
866 2479 991 2522 lacus
1030 2481 1209 2523 Sabinis
1252 2482 1280 2522 i.
1302 2494 1341 2522 e.
1383 2487 1567 2535 quartae

92 2560 243 2602 ltaliae
272 2558 444 2614 regioni
474 2559 649 2612 tribuat,
677 2559 886 2601 Picenum
913 2569 1059 2601 autem
1089 2573 1115 2600 a
1142 2559 1284 2602 latere
1303 2559 1568 2601 Sabinorum

93 2640 221 2681 situm
253 2638 445 2694 quintam
476 2638 616 2681 fuisse
645 2639 805 2682 tradat.
873 2639 1044 2688 Quodsi
1072 2639 1204 2694 igitur
1232 2646 1320 2680 tam
1350 2639 1568 2692 insignem

95 2731 292 2761 errorem
307 2718 406 2773 ipse
436 2732 525 2760 non
555 2718 831 2760 commisisse
860 2719 1083 2773 putandus
1103 2725 1187 2770 est,
1216 2724 1566 2761 consentaneum

95 2803 178 2848 est,
205 2804 252 2840 ut
278 2797 416 2840 verba
448 2797 496 2839 in
524 2797 684 2840 Piceno
711 2798 1027 2854 grammaticus
1056 2798 1232 2854 quidam
1261 2796 1333 2840 vel
1362 2796 1565 2838 librarius
