1914 3237
242 249 291 289 12
852 240 983 283 Liber
1009 240 1040 282 I
1040 239 1071 282 I
1075 245 1090 280 .'

240 370 342 411 cidit
371 375 417 409 ut
447 365 742 421 olympiadem
771 363 903 405 XL11.
932 368 1134 404 exactam
1164 365 1456 414 computaret,
1485 372 1615 415 quum
1646 360 1706 402 in·

239 448 425 501 cipiente
457 459 511 487 ea
542 445 643 485 anni
673 442 853 485 CLXIV
884 439 1142 482 efficiantur.
1202 438 1292 479 lam
1320 452 1428 480 vero
1459 439 1560 494 quia
1590 451 1704 481 anno

237 526 292 566 ab
335 525 445 565 urbe
484 524 660 565 condita
698 520 870 562 CXLII.
903 517 1122 572 olympias
1158 516 1292 557 XLll.
1329 517 1572 569 indicatur,
1621 518 1706 560 Pli—

235 603 334 644 nius
364 610 509 644 autem
538 616 624 642 non
656 605 803 654 potest
833 611 918 638 non
950 595 1189 649 scripsisse
1215 594 1382 647 LXII,
1421 603 1609 650 apparet
1638 597 1705 639 vi-

236 681 337 721 tium
364 680 608 735 archetypo
641 678 796 720 codice
824 674 1042 729 antiquius
1072 672 1187 714 illum
1220 675 1551 728 grammaticum
1580 673 1703 716 fefel-

233 758 342 801 lisse
372 760 494 800 cuius
525 769 784 813 perversam
815 753 1073 795 industriam
1116 752 1244 793 etiam
1282 751 1383 793 alibi
1416 752 1703 807 deprehendi.

234 852 340 879 mus,
433 838 597 879 Plinius
644 835 757 876 enim
798 846 928 887 quum
973 831 1067 872 eius
1111 829 1207 871 fere
1247 831 1444 872 auctoris
1491 844 1598 872 aera
1642 832 1703 872 uti

231 916 388 965 soleat,
419 928 445 955 a
476 928 559 969 quo
590 927 702 969 quae
727 918 891 960 narrat,
923 909 1113 963 accepit,
1142 908 1201 948 ita
1226 907 1466 951 utX1.186.
1495 909 1596 950 dum
1624 909 1702 950 ali·

231 994 333 1049 quid
362 993 401 1033 in
433 993 717 1046 haruspicum
747 997 841 1031 arte
869 987 921 1030 ol.
942 986 1141 1029 CXXVI.
1168 995 1375 1028 novatum
1400 987 1533 1028 tradit
1563 987 1700 1029 Grae-

231 1086 328 1113 cum
370 1071 633 1125 scriptorem
671 1076 852 1111 secutus
894 1079 997 1108 esse
1037 1065 1260 1120 putandus
1296 1065 1370 1119 sit,
1417 1079 1521 1107 raro
1562 1065 1699 1108 Grae-

230 1163 380 1192 corum
423 1156 625 1203 tempora
668 1162 766 1190 cum
810 1145 1024 1188 Romanis
1069 1151 1310 1199 comparat.
1399 1145 1524 1192 Quae
1567 1160 1698 1201 quum

227 1229 441 1270 interdum
473 1227 732 1282 supplerent
759 1225 923 1267 librarii
963 1231 1093 1278 atque
1125 1223 1167 1264 in
1199 1223 1294 1264 aliis
1334 1237 1507 1278 quoque
1546 1237 1698 1265 narra·

227 1309 418 1350 tionibus
460 1308 554 1349 sive
592 1304 816 1347 consulum
850 1303 1026 1346 nomina
1064 1302 1159 1344 sive
1200 1315 1359 1343 annum
1393 1300 1525 1342 Urbis
1561 1302 1695 1343 adde-

226 1394 348 1437 rent,
391 1385 511 1427 sacta
551 1391 620 1426 est
659 1396 820 1438 magna
858 1395 1138 1424 numerorum
1182 1381 1491 1436 nominumque
1522 1388 1697 1436 pertur-

226 1466 356 1507 batio.
413 1464 476 1505 lta

150 1544 197 1585 11
748 1541 797 1606 ς.
820 1540 885 1588 90
905 1561 956 1584 =
976 1539 1057 1600 25,
1081 1539 1162 1586 22.

223 1642 353 1698 vulgo
387 1656 411 1684 e
441 1642 640 1697 Cagnatii
672 1640 930 1683 coniectura
961 1639 1239 1693 (varr.obss.
1260 1637 1410 1693 1V.8.)
1438 1638 1618 1693 legitur:

292 1744 458 1792 Semel
493 1742 649 1790 adhuc
685 1744 826 1789 iubae
859 1740 1048 1804 effigies
1089 1746 1271 1788 mutata
1306 1739 1355 1787 in
1391 1740 1577 1788 hastam
1619 1748 1695 1789 est

290 1832 565 1898 olympiade
601 1831 820 1879 CVIII.
860 1829 1059 1897 [urbis
1092 1845 1241 1876 anno
1281 1829 1638 1897 CCCVIII.]

223 1948 353 1989 quum
395 1935 436 1974 in
467 1933 667 1974 omnibus
702 1930 822 1972 libris
859 1929 1104 1983 reperiatur
1143 1926 1495 1970 CCCXCVIH.
1543 1929 1691 1985 Atque

222 2013 280 2052 ita
311 2025 419 2053 sane
449 2011 745 2052 nanciscimur
776 2023 813 2049 a.
835 2008 901 2049 01.
919 2007 1068 2049 CV111.
1085 2005 1122 2048 3.
1164 2006 1224 2047 At
1250 2020 1358 2048 vero
1390 2008 1581 2060 priorem
1611 2022 1689 2049 nu-

221 2103 386 2130 merum
415 2091 455 2130 in
475 2088 533 2130 11¹
558 2090 620 2130 l'd
649 2096 812 2130 tantum
844 2087 1026 2128 inveniri
1058 2085 1283 2127 annotavit
1317 2085 1526 2139 Silligius,
1558 2101 1688 2141 quum
1723 2129 1726 2133 ,

222 2167 287 2207 R²
318 2167 392 2209 CV
426 2167 564 2223 legat,
616 2182 641 2209 a
690 2174 833 2208 autem
875 2165 984 2207 liber
1028 2179 1169 2220 aeque
1214 2165 1472 2219 spectabilis
1510 2173 1553 2207 et
1591 2165 1689 2208 Col-

220 2247 414 2287 bertinus
460 2247 577 2300 apud
616 2246 905 2295 Harduinum‚
952 2258 1080 2299 quem
1117 2246 1142 2286 b
1187 2259 1290 2287 esse
1332 2245 1542 2295 conficio,
1584 2245 1687 2286 duo-

220 2338 303 2380 que
335 2324 404 2365 alii
444 2333 674 2378 praeterea
708 2324 801 2365 Clu.
835 2331 877 2364 et
908 2322 1000 2364 Cla.
1042 2337 1065 2364 e
1100 2325 1296 2378 margine
1325 2324 1527 2365 editionis
1564 2325 1686 2366 Basi-

218 2403 386 2445 leensis
416 2417 454 2446 a.
486 2403 603 2444 1548.
634 2404 688 2444 ab
720 2403 875 2445 eodem
907 2403 1071 2444 laudati
1093 2401 1309 2444 CVIIII.
1362 2403 1489 2458 Atqui
1514 2404 1598 2444 iam
1628 2405 1684 2445 ab

220 2481 316 2522 aliis
350 2483 702 2523 animadversum
742 2489 830 2535 est,
877 2483 963 2524 hac
993 2485 1091 2537 ipsa
1121 2483 1372 2537 olympiade
1408 2482 1683 2524 Nicomacho

218 2560 431 2601 archonte
455 2559 543 2613 (01.
562 2560 675 2605 ClX.
692 2561 754 2615 4.)
774 2561 958 2603 Athenis
985 2569 1183 2604 cometen
1214 2568 1504 2616 conspectum
1529 2560 1682 2615 fuisse,

218 2637 463 2680 cnm-istm.
481 2638 665 2682 Meteor.
682 2640 708 2682 Ι.
725 2640 766 2690 7,
798 2647 926 2696 atque
955 2641 1060 2682 nihil
1088 2642 1180 2683 veri
1204 2640 1388 2682 similius
1421 2654 1522 2682 esse
1553 2653 1682 2695 quam

217 2716 271 2757 de
302 2717 457 2758 eodem
492 2717 670 2759 Plinium
696 2718 833 2773 loqui,
863 2734 989 2774 quum
1018 2721 1282 2774 praesertim
1312 2726 1483 2773 septem
1515 2719 1681 2760 dierum

218 2797 406 2850 spatium
423 2797 727 2838 brevissimum
745 2797 883 2839 fuisse
915 2799 1060 2840 statim
1079 2798 1310 2849 addiderit,
1344 2812 1429 2853 quo
1449 2810 1681 2839 cerneren-

218 2882 286 2915 tur
317 2881 532 2926 cometae‚
577 2875 837 2918 Aristoteles
868 2886 1012 2919 autem
1042 2876 1211 2920 stellam
1242 2876 1428 2918 Athenis
1459 2890 1540 2931 per
1572 2890 1678 2932 pau-
