1914 3237
723 163 856 205 Liber
881 164 970 206 IV.
1526 161 1582 202 57

227 289 463 330 Thoronos
492 284 634 327 insula
664 285 816 340 ignota
846 292 929 338 est,
960 284 1186 326 Othronos
1209 284 1478 339 aStephano
1499 284 1583 340 By-

116 368 261 408 zantio
276 367 536 408 nominatur.
577 364 705 412 Quae
737 378 867 418 quum
894 362 1050 404 leviter
1076 370 1288 417 corrupta
1302 364 1522 418 scriptura
1540 365 1584 405 in

115 446 242 487 codd.
270 445 380 486 RTd
413 442 677 494 Otltoronos,
706 443 750 484 in
781 442 880 484 cod.
907 441 950 482 A
981 439 1168 482 Otronos
1198 441 1467 495 appelletur,
1493 443 1587 485 nul-

114 525 200 566 lam
227 524 358 566 video
390 535 570 563 causam
601 535 682 563 cur
710 535 800 563 non
829 520 947 576 apud
976 519 1159 560 Plinium
1192 520 1460 562 restituatur.

675 612 738 660 53
759 634 809 654 =
829 610 1027 658 ibidem.

182 704 311 752 Ante
345 702 665 751 Leucimnam
695 702 898 766 Sybota,
928 700 1058 748 inter
1091 698 1393 748 Leucadiam
1428 706 1589 748 autem

184 801 233 842 et
248 793 483 842 Achaiam
502 794 788 858 permultae,
820 808 1023 857 quarum
1038 789 1339 838 Teleboides
1367 791 1591 839 eaedem-

185 901 279 949 que
311 884 559 948 Taphiae3
592 885 648 931 ab
684 884 856 932 incolis
884 889 994 931 ante
1014 880 1317 929 Leucadiam
1348 882 1592 946 appellan-

185 983 266 1022 tur
318 974 562 1039 Taphias,
618 975 802 1036 Oxiae,
845 972 1138 1032 Prinoessa,
1191 977 1300 1019 ante
1347 971 1589 1020 Aetoliam

186 1064 485 1126 Echinades,
522 1070 603 1111 rel.

227 1154 293 1206 Ita
324 1153 515 1209 Silligius
553 1156 727 1210 priores
770 1153 966 1195 editores
997 1157 1179 1192 secutus
1210 1152 1348 1191 verba
1382 1151 1592 1206 distinxit,

120 1241 165 1275 ut
192 1248 248 1275 ne
282 1234 423 1275 dicam
452 1233 634 1284 nullum,
669 1239 864 1275 atcerte
892 1231 1086 1285 ineptum
1117 1244 1298 1272 sensum
1329 1230 1592 1283 praebeant.

119 1313 189 1355 Ab
221 1313 376 1355 incolis
408 1313 521 1354 enim
555 1314 696 1354 Oxiae
730 1320 773 1353 et
803 1312 1044 1352 Prinoessa
1074 1310 1111 1351 si
1144 1318 1296 1351 essent
1324 1309 1593 1363 appellatae,

120 1393 218 1434 Oxii
262 1399 305 1434 et
348 1392 534 1433 Prinusii
578 1406 656 1434 eas
695 1392 970 1433 inhabitasse
1021 1389 1203 1444 putandi
1255 1397 1430 1441 essent,
1483 1404 1594 1445 quos

117 1485 246 1512 nemo
279 1478 474 1511 veterum
503 1471 766 1525 scriptorum
798 1471 930 1512 novit.
994 1469 1207 1509 Novimus
1237 1475 1382 1509 autem
1416 1475 1596 1522 praeter

121 1549 418 1605 Cephallenas
446 1549 667 1592 Teleboas
690 1558 731 1591 et
748 1550 962 1604 Taphios,
995 1561 1176 1603 quorum
1199 1548 1373 1602 quidem
1395 1547 1595 1602 Taphum

119 1629 306 1671 insulam
337 1628 573 1682 antiquitus
605 1630 756 1669 sedem
788 1628 930 1669 fuisse
966 1633 1009 1667 et
1042 1639 1117 1666 res
1147 1626 1245 1680 ipsa
1276 1624 1363 1667 fert
1394 1633 1437 1667 et
1460 1627 1596 1668 diser-

120 1708 176 1749 tis
213 1708 362 1749 verbis
405 1707 567 1749 Strabo
589 1707 643 1748 X.
670 1707 822 1760 p.459.
859 1706 1002 1747 tradit.
1070 1704 1418 1759 Comprehendit
1452 1714 1596 1748 autem

123 1785 285 1828 Plinius
316 1785 599 1827 Teleboidum
640 1787 735 1828 sive
767 1785 1038 1840 Taphiarum
1073 1784 1248 1824 nomine
1293 1784 1459 1827 insulas
1495 1794 1596 1827 ante

121 1865 390 1907 Leucadiam
410 1872 451 1905 et
471 1864 667 1906 fortasse
682 1864 898 1906 Aetoliam
914 1864 1038 1906 sitas.
1064 1862 1354 1904 Scribendum
1368 1864 1596 1919 estigitur:

178 1958 365 2005 quarum
405 1944 647 1985 Teleboides
678 1944 938 2005 eaedemque
980 1941 1171 1999 Taphiae
1211 1941 1264 1982 ab
1303 1943 1453 1983 incolis
1497 1949 1599 1983 ante

178 2022 448 2064 Leucadiam
477 2023 752 2080 appellantur
788 2023 868 2064 rel.

237 2102 424 2159 Taphias
453 2109 493 2143 et
512 2102 656 2144 Oxiae
686 2111 831 2144 autem
860 2102 1026 2156 primus
1044 2101 1270 2142 Barbarus
1300 2101 1493 2154 scripsit,
1525 2114 1600 2141 co·

122 2183 244 2224 dices
272 2182 439 2223 habent
468 2183 529 2224 Tr
563 2182 809 2239 ΤαρΙιίοεὶε,
840 2180 990 2221 RASd
1020 2178 1268 2235 Zapltt'osis,
1300 2188 1333 2221 Θ
1363 2177 1600 2234 ΖαρΙιίοίίε,

124 2261 282 2302 deinde
312 2260 546 2302 Arnoxiae
576 2262 622 2303 S.
640 2261 844 2301 Arnoxia
875 2259 1030 2314 reliqui
1060 2266 1241 2313 praeter
1271 2259 1398 2302 codd.
1430 2258 1601 2300 Gelenii

125 2347 169 2381 et
198 2339 391 2381 fortasse
422 2340 624 2381 Barbari.
692 2340 747 2380 Et
790 2338 978 2395 Taphias
1015 2338 1188 2393 quidem
1224 2346 1346 2379 recte
1379 2338 1599 2388 scribitur,

124 2431 225 2459 nam
257 2419 316 2458 ita
346 2431 427 2459 sua
449 2426 592 2461 aetate
612 2419 796 2460 insulam
821 2417 1212 2473 appellariStrabo
1233 2416 1600 2471 refertX.p.456;

127 2511 152 2539 e
183 2497 394 2553 proximis
429 2498 632 2540 ductibus
670 2497 900 2540 sisai-nam
946 2496 1135 2552 aliquam
1176 2495 1319 2538 effecit
1358 2496 1600 2545 Pintianus,

125 2590 240 2632 quae
279 2591 495 2632 nusquam
537 2585 916 2618 commemoratur.
995 2576 1152 2617 Mirum
1201 2576 1417 2617 neminem
1457 2574 1602 2615 adhuc

125 2657 292 2697 vidisse
323 2657 439 2711 quod
472 2664 632 2711 sponte
664 2655 818 2697 elucet.
868 2655 904 2696 E
936 2669 1342 2705 'rAPfflosmAR-soxm,
1373 2655 1445 2696 ubi
1477 2661 1602 2696 recte

129 2733 375 2776 distinxeris
401 2735 482 2776 tria
514 2749 629 2791 quae
660 2736 807 2777 insunt
836 2734 1027 2787 nomina,
1054 2742 1242 2790 apparet
1272 2733 1454 2776 Plinium
1489 2733 1603 2776 scri-

129 2824 302 2865 psisse:

1612 626 1667 667 78
