1914 3237
735 164 852 202 Liber
882 164 1001 202 XIX.
1543 159 1597 202 83

191 299 378 333 seruntur
401 305 531 345 verm,
554 296 720 343 plantae
749 303 883 332 eornm
914 294 1045 331 ulle'mo
1077 302 1166 330 vere
1195 292 1500 337 lrmzsserwzlur.

698 395 789 442 132
821 409 874 427 =
909 394 1036 450 SAO.

202 482 319 531 Eius
351 482 548 542 (betae)
589 495 786 544 quoque
822 496 848 528 a
886 478 1053 529 colore
1093 480 1189 528 (luo
1223 478 1601 543 gencraGraeci

201 569 392 627 faciunt,
433 569 624 632 nigrum
662 573 707 616 et
745 567 999 616 candidius
1039 567 1173 631 quod
1211 566 1503 631 praeferunt.

245 656 285 697 A
315 654 609 711 Theophrasto
636 654 729 695 VII.
759 656 797 697 4.
829 657 855 697 4
886 653 1171 711 εὐχυλότερον
1200 659 1286 695 τῶν
1318 655 1523 695 wemmam
1551 654 1600 695 τὸ

134 733 290 776 λευκὸν
326 738 404 776 τοῦ
435 735 624 788 μέλανος
655 738 848 785 vocatur,
886 734 1071 788 itemque
1097 746 1122 773 a
1146 730 1391 772 Dioscoride
1423 730 1476 771 II.
1508 730 1600 784 1149,

133 812 277 867 itaque
316 812 429 867 quod
468 811 581 866 apud
622 811 847 866 Apuleium
892 810 1086 852 scribitur
1122 813 1336 851 candidum
1375 809 1602 864 recipiatur

135 894 314 944 oportet.

705 946 794 993 135
830 959 883 979 =
919 946 1046 1001 8‚40.

202 1032 325 1082 Sunt
362 1032 443 1096 qui
496 1033 630 1082 betas
667 1031 843 1096 punica
879 1029 1004 1080 malo
1051 1030 1254 1080 florente
1291 1029 1470 1094 optime
1507 1027 1602 1077 seri

202 1120 479 1169 existiment
508 1149 562 1155 —
592 1149 640 1154 —
685 1118 799 1167 Mira
836 1119 1107 1168 differentia
1147 1148 1199 1153 -
1241 1133 1349 1167 cum
1386 1116 1603 1166 brassica

202 1212 537 1273 corrumpatur
584 1207 632 1255 in
671 1205 802 1256 dolio
848 1207 948 1255 vini
985 1221 1152 1271 sapor,
1208 1206 1412 1256 odorem
1464 1206 1602 1254 betae

200 1296 328 1347 foliis
366 1296 603 1346 demersis
638 1295 840 1345 restitui,

247 1385 362 1427 Nihil
394 1384 506 1425 aliud
545 1384 584 1424 h.
616 1384 639 1424 l.
672 1383 794 1424 nobis
827 1382 1041 1438 agendum
1084 1388 1148 1423 est
1178 1396 1304 1438 quam
1336 1386 1381 1423 ut
1411 1381 1602 1423 codicum

135 1463 360 1505 lectionem
391 1462 678 1504 restituamus.
708 1461 818 1502 Nam
842 1462 1022 1516 primum
1047 1466 1192 1513 punico
1224 1475 1317 1501 cum
1349 1474 1370 1501 c
1401 1460 1428 1500 d
1457 1460 1601 1514 legen-

134 1541 232 1583 dum
268 1546 355 1594 est,
388 1555 517 1595 quum
559 1546 601 1581 et
633 1540 789 1581 Plinius
820 1540 1032 1594 ‚punicum
1064 1540 1234 1580 malum‘
1263 1552 1429 1594 semper
1461 1538 1600 1593 appel-

133 1621 192 1662 let
222 1626 264 1661 et
293 1618 530 1660 Columella
558 1620 628 1659 XI.
659 1619 684 1660 3
714 1632 753 1672 p.
784 1618 865 1660 458
896 1617 961 1658 ed.
993 1618 1100 1673 ΒΨ,
1133 1631 1257 1672 quem
1288 1622 1504 1659 auctorem
1535 1630 1599 1657 se-

134 1698 296 1752 quitur,
348 1696 400 1737 de
432 1697 584 1752 punico
627 1696 738 1736 malo
787 1696 995 1751 loquatur.
1055 1696 1221 1737 Deinde
1260 1695 1485 1737 manifesto
1518 1709 1600 1736 non

135 1779 296 1818 odorem
321 1774 397 1816 sed
427 1789 522 1815 cum
551 1774 732 1829 Apuleio
765 1778 807 1815 et
836 1788 856 1815 c
877 1773 903 1814 d
933 1777 1068 1815 eodem
1084 1780 1198 1815 recte
1218 1775 1431 1815 scribitur:
1463 1786 1601 1828 neque

137 1854 249 1895 enim
281 1866 433 1908 sapore
464 1856 659 1907 corrupto
691 1851 794 1894 odor
824 1853 1071 1905 restituitur,
1105 1852 1179 1893 sed
1210 1867 1336 1907 sapor
1367 1856 1601 1905 corruptus,

137 1946 232 1973 cum
264 1935 400 1973 eodem
431 1931 454 1972 i.
488 1943 524 1972 e.
554 1930 596 1970 in
626 1929 738 1972 idem
770 1928 927 1970 dolium
957 1929 1081 1972 betae
1112 1931 1213 1972 folia
1244 1931 1558 1987 demerguntur.

707 2011 794 2057 137
831 2024 886 2044 =
920 2011 1048 2067 8,41.

199 2112 341 2162 cyma
390 2113 418 2146 a
464 2097 615 2162 prima
674 2098 894 2146 sectione
948 2103 1161 2162 praestat
1211 2099 1432 2163 proximo
1469 2114 1602 2148 vere.

135 2199 288 2238 cymam
328 2185 464 2226 scribe
509 2198 602 2226 cum
637 2183 871 2225 Columella
899 2184 976 2225 XI.
1008 2186 1032 2227 3
1063 2200 1102 2240 p.
1133 2187 1213 2228 4523
1265 2193 1306 2226 ct
1344 2187 1434 2240 ipso
1466 2188 1603 2228 Plinio

137 2265 174 2316 ξ.
211 2265 299 2315 138,
333 2263 485 2304 deinde
517 2276 569 2303 ex
599 2262 748 2303 iisdem
779 2263 881 2303 locis
911 2268 1064 2304 salione
1094 2264 1205 2318 quod
1236 2265 1347 2319 apud
1378 2265 1602 2306 Dalecam-

139 2341 253 2396 pium
284 2341 447 2382 incerta
484 2345 585 2381 nota
614 2340 654 2381 Κ
683 2339 876 2393 affertur,
914 2341 1061 2382 leviter
1092 2348 1335 2397 corruptum
1366 2344 1407 2384 in
1436 2349 1605 2386 slccle'one

135 2419 179 2458 in
210 2432 236 2459 a
265 2422 416 2460 exstat.

283 2511 366 2557 141
395 2510 590 2566 -“8,41.
653 2507 739 2568 (de
779 2508 1022 2558 brassicae
1061 2509 1282 2560 caulibus
1319 2512 1447 2577 agit)

200 2607 364 2673 Nuper
416 2607 609 2656 subiere
663 2606 954 2658 Lacuturres
1009 2626 1068 2658 ex
1118 2610 1344 2660 convalle
1389 2613 1604 2672 Aricina,

199 2697 280 2745 ubi
319 2696 565 2760 quondam
618 2695 704 2744 fuit
740 2694 875 2744 lacus
917 2700 1155 2762 turrisque
1211 2715 1335 2763 quae
1372 2708 1604 2761 remanet,

203 2785 362 2849 capite
399 2784 747 2850 praegrandes
785 2784 900 2835 folio
938 2787 1176 2837 innumeri
1212 2789 1296 2837 rel.

1321 2877 1379 2920 6*

1629 380 1710 424 407

1630 967 1712 1010 408

1632 2030 1713 2073 409

1634 2430 1717 2472 410
