1914 3237
161 931 241 981 603

161 1362 241 1408 604

164 2450 243 2492 (505

273 151 354 194 164
824 155 941 193 Liber
980 155 1184 195 XXVIII.

273 287 343 324 alii
372 283 534 336 elicuit,
580 284 682 325 satis
715 283 883 338 quidem
914 284 983 325 ille
1014 284 1242 339 sagaciter,
1282 284 1356 326 sed
1392 288 1567 326 eatenus
1606 284 1737 327 falsus

272 361 383 415 quod
422 360 654 415 buprestim
700 362 852 405 omisit.
911 362 1018 403 Nam
1062 368 1103 404 et
1142 376 1191 404 eo
1237 362 1443 404 Scribonii
1473 362 1602 417 Largi
1644 363 1736 404 loco

271 451 393 493 quem
424 437 557 479 Hard.
589 440 728 481 attulit
759 453 892 494 comp.
920 440 999 482 *190
1030 440 1093 480 lac
1123 440 1176 481 ad
1206 441 1436 496 buprestim
1466 441 1608 482 valere
1638 439 1737 481 dici-

272 520 338 557 tur
368 521 456 558 eta
476 517 612 558 Plinio
627 517 790 558 XXIII.
823 517 888 569 30,
919 517 1080 558 XXIX.
1098 518 1174 560 105
1205 520 1314 560 inter
1344 532 1509 560 venena
1525 518 1738 573 buprestis

271 599 551 636 enumeratur.
611 594 747 642 Quum
787 599 1009 650 praetcrea
1045 595 1268 649 plurimum
1299 596 1432 637 codici
1461 596 1519 637 R2
1549 595 1735 637 tribuen-

272 672 371 713 dum
401 685 495 713 esse
525 672 733 725 videatur,
765 672 1032 713 scribendum
1065 677 1130 713 est
1159 672 1275 714 haud
1306 673 1450 714 dubie:

326 754 550 802 buprestim,
582 757 629 791 ut
662 754 755 791 alii
795 754 811 801 (
819 763 876 804 sc.
907 749 1119 802 tradunt),
1151 758 1193 791 ut
1223 754 1461 798 Aristoteles,
1504 754 1738 804 dorycnium

330 829 414 882 (sic
444 833 558 869 recte
589 829 676 870 Ian.
709 841 731 868 e
761 826 924 877 codd).

871 909 1152 963 76:722.

337 992 547 1042 Mulieris
585 1008 783 1057 quoque
830 992 1032 1042 salivam
1086 994 1275 1042 ieiunae
1331 998 1578 1058 potentem
1617 994 1740 1042 diiu-

337 1082 501 1130 dicant
538 1082 800 1130 cruentatis
838 1081 1009 1131 oculis.

379 1169 533 1210 Nescio
565 1183 638 1210 cur
667 1168 867 1209 librorum
887 1169 1005 1210 MSS.
1038 1169 1244 1224 scriptura
1268 1174 1436 1210 ieiunam
1472 1174 1626 1211 ‹ieizma
1641 1168 1741 1222 ΕΙ),

271 1248 323 1289 ab
357 1247 588 1288 editoribus
621 1251 762 1302 spreta
795 1247 847 1288 sit
877 1247 969 1288 loco
1001 1247 1211 1288 simillimo
1243 1247 1280 1301 §.
1311 1248 1363 1291 35
1395 1247 1675 1289 corroborata.

863 1353 923 1398 79
947 1371 990 1389 =
1009 1351 1136 1406 723.

337 1442 607 1487 sementem
647 1448 868 1503 (sementim
897 1453 1012 1489 recte
1040 1447 1183 1501 Ianus,
1214 1453 1403 1490 sementia
1433 1447 1578 1495 codd.)
1613 1436 1739 1485 ellim

335 1541 588 1584 arescere,
626 1527 739 1575 item
779 1525 1002 1576 novellas
1041 1523 1198 1583 [vites]
1239 1527 1343 1575 eius
1380 1531 1509 1576 tactu
1547 1526 1593 1574 in
1630 1540 1739 1590 per-

338 1619 536 1679 petuum
576 1613 730 1672 laedi,
785 1618 938 1663 rutam
977 1618 1024 1662 et
1060 1613 1317 1672 hederam,
1357 1629 1432 1663 res
1470 1613 1742 1663 medicatis-

336 1702 512 1761 simas,
546 1701 658 1752 ilico
695 1703 830 1752 mori.

382 1789 448 1830 De
479 1790 723 1831 mulieribus
767 1790 1094 1832 menstrualibus
1140 1790 1344 1846 loquitur,
1388 1803 1496 1845 quae
1542 1788 1740 1842 ,nudatae

271 1871 460 1922 segetem
512 1868 737 1921 ambiant‘,
784 1882 873 1924 ,per
912 1868 1051 1909 media
1090 1870 1205 1909 arva‘
1251 1869 1291 1908 in
1326 1867 1599 1923 Cappadocia
1629 1870 1739 1918 eant,

271 1945 416 1986 vineas
447 1959 531 1986 non
563 1951 878 1989 commemorat.
909 1945 1057 2001 Neque
1088 1946 1127 1986 in
1161 1945 1276 1986 libris
1306 1945 1426 1986 MSS.
1458 1944 1739 1996 nominantur,

271 2037 294 2062 e
325 2022 476 2078 quibus
504 2023 541 2062 V
560 2024 598 2065 R
651 2037 673 2064 e
703 2025 819 2066 vocis
860 2024 1077 2079 proximae
1121 2023 1239 2065 initio
1270 2028 1441 2075 novelle,
1485 2022 1556 2064 Td
1586 2025 1740 2064 novella

272 2100 494 2154 exhibent,
545 2102 656 2157 quod
694 2103 831 2157 ipsum
870 2101 1158 2157 recipiendum
1201 2105 1303 2142 erat.
1362 2100 1418 2142 Ut
1449 2101 1558 2142 enim
1591 2100 1628 2154 ἕ.
1662 2100 1741 2142 124

272 2184 321 2220 de
347 2185 507 2220 novellis·
537 2194 593 2220 sc.
625 2181 754 2234 pratis
774 2181 969 2236 legimus,
999 2180 1058 2220 ita
1088 2179 1154 2220 hic
1178 2193 1343 2234 quoque
1363 2179 1517 2220 omisso
1540 2179 1609 2219 illo
1629 2177 1738 2233 quod

272 2258 393 2299 codd.
426 2259 676 2299 auctoritate
708 2258 961 2311 destituitur,
993 2257 1197 2299 vocabulo
1222 2262 1315 2298 vites
1344 2257 1568 2312 legendum
1600 2261 1683 2296 est:

331 2342 418 2378 ‘ilem
451 2341 601 2377 novella
632 2341 715 2378 eius
742 2337 814 2378 rel.

824 2429 886 2477 83
905 2448 962 2466 =
981 2425 1178 2475 ibidem.

341 2514 499 2563 Sotira
569 2515 803 2564 obstetrix
874 2513 1090 2562 tertianis
1162 2512 1548 2562 efficacissimum
1621 2510 1739 2558 dixit

344 2603 610 2666 (sanguine
680 2605 956 2661 menstruo)
1029 2601 1217 2666 plantas
1274 2600 1437 2664 aegris
1489 2597 1740 2663 supterlini

342 2689 589 2753 multoque
627 2690 875 2738 efficacius
912 2690 971 2738 ab
1010 2690 1115 2754 ipsa
1151 2688 1351 2738 muliere
1389 2691 1435 2736 et
1472 2687 1738 2751 ignoranti3

340 2780 410 2828 sic
448 2777 532 2826 rel.
