1914 3237
171 388 247 427 lm

163 2498 240 2538 195

275 138 353 178 158
892 135 1023 177 Liber
1052 137 1107 176 X.

832 373 897 423 48
915 398 965 418 =
985 375 1065 435 21,
1087 374 1165 422 24.

365 507 402 520 ..
434 472 596 538 itaque
626 475 803 524 terrori
835 484 947 524 sunt
977 477 1156 541 (galle)
1189 475 1332 524 etiam
1364 474 1583 523 leonibus
1614 475 1737 522 scra-

339 581 446 611 rum
483 565 888 628 generosissimis.
955 566 1056 613 Iam
1090 582 1152 613 ex
1184 565 1258 613 his
1290 566 1482 630 quidam
1517 566 1575 612 ad
1615 566 1738 612 bella

336 663 519 704 tantum
553 663 601 703 et
633 655 819 720 proelia
850 655 1044 702 assidua
1075 663 1354 716 nascuntur,
1386 655 1558 719 quibus
1593 655 1735 702 etiam

337 747 516 811 patrias
551 745 886 805 nobilitarunt,
923 744 1148 792 Rhodum
1180 751 1262 791 aut
1293 744 1585 809 Tanagram.
1649 746 1737 794 Se-

337 838 524 885 cundus
571 844 646 884 est
689 837 842 884 honos
889 836 1079 883 habitus
1110 834 1304 882 Melicis
1342 843 1390 882 et
1428 836 1736 896 Chalcidicis,

337 935 389 975 ut
418 928 559 991 plane
592 926 765 991 dignae
797 925 896 972 aliti
925 932 1108 972 tantum
1138 924 1336 972 honoris
1367 926 1620 990 perhibeat
1640 926 1736 973 Ro-

336 1033 474 1065 mana
505 1033 724 1081 purpura
759 1021 840 1063 rel.

378 1118 440 1157 lta
461 1117 591 1172 vulgo
619 1118 732 1158 male
763 1117 1100 1171 inter-pungitur.
1145 1118 1272 1165 Quae
1296 1117 1408 1158 enim
1434 1117 1604 1157 Romae
1635 1116 1736 1170 galli

268 1203 365 1238 erat
395 1196 601 1251 dignatio,
635 1209 911 1250 nequaquam
946 1196 1043 1236 inde
1076 1197 1453 1250 consequebatur,
1494 1197 1607 1250 quod
1643 1196 1737 1236 Me·

268 1274 337 1316 lici
372 1275 475 1330 galli
516 1275 761 1316 secundum
799 1275 839 1314 in
873 1275 1154 1328 pugnacitate
1181 1273 1324 1315 locum
1357 1275 1625 1327 obtinebant,
1657 1275 1736 1315 sed

267 1355 384 1409 quod
425 1355 599 1395 omnino
638 1369 718 1408 pro
759 1354 1097 1409 pugnacissimis
1137 1352 1396 1393 animalibus
1444 1352 1736 1393 habebantur.

269 1433 453 1474 Melicos
487 1441 630 1474 autem
664 1433 804 1472 obiter
835 1431 1196 1472 connnemoravit
1228 1430 1411 1480 Plinius,
1455 1430 1554 1470 dum
1594 1430 1737 1484 gallos

267 1513 509 1554 bellatores
532 1526 635 1553 esse
654 1512 936 1553 demonstrat.
979 1511 1129 1564 ltaque
1160 1509 1245 1551 hoc
1275 1510 1404 1550 modo
1429 1509 1738 1563 distinguenda

266 1599 367 1633 sunt
396 1591 555 1632 verba:

321 1695 376 1702 ——
407 1668 707 1717 nobilitarunt,
738 1666 939 1708 Rhodum
971 1672 1048 1705 aut
1082 1666 1329 1722 Tanaqram
1361 1665 1383 1721 (
1385 1665 1600 1706 secundus
1629 1681 1663 1708 e.
1694 1665 1733 1707 Ιι.

322 1748 361 1791 la.
391 1747 496 1790 Mel.
531 1762 563 1788 e.
597 1745 767 1802 Chat),
802 1752 851 1786 ut
875 1745 932 1801 pl.
962 1745 1038 1786 rel.

377 1827 414 1883 ᾗ,
429 1827 494 1868 75.
527 1841 623 1867 cum
656 1825 875 1867 Salmasio
905 1839 927 1866 e
946 1825 1041 1865 cod.
1062 1825 1086 1865 (l
1119 1824 1270 1866 scribo
1302 1838 1446 1885 quam,
1477 1822 1597 1878 §.m
1627 1838 1734 1863 emo-

265 1908 390 1950 ritur.
449 1907 494 1946 ln
516 1905 586 1946 Rd
617 1905 751 1944 emori
778 1904 933 1944 eodem
964 1903 1103 1943 verbo
1127 1915 1226 1942 mox
1255 1904 1444 1955 repetito
1474 1901 1559 1941 huc
1595 1910 1734 1942 trans-

266 1988 395 2028 latum
419 1986 604 2026 videtur.
636 1984 676 2040 ξ.
697 1984 763 2023 77.
794 1982 1050 2023 restituatur
1076 1987 1251 2034 oportet
1270 1987 1398 2020 vetus
1423 1980 1732 2034 interpunctio,

265 2078 392 2120 quam
427 2064 622 2118 Silligius
655 2061 882 2102 Harduino
914 2059 1024 2099 duce
1055 2057 1253 2112 reliquit:
1291 2057 1481 2096 ciconiae
1517 2073 1605 2097 uon
1636 2073 1731 2113 per-

264 2150 424 2194 meant,
455 2143 582 2183 sicuti
607 2155 686 2181 nec
715 2146 910 2181 octavum
939 2138 1049 2177 citra
1078 2135 1261 2192 lapidem
1282 2134 1334 2175 ab
1356 2150 1402 2176 eo
1433 2136 1587 2189 (Lario
1609 2138 1730 2186 laen)

265 2224 470 2263 immensa
488 2221 648 2282 alioqui
663 2218 844 2275 finitimo
866 2216 1120 2258 Insubrium
1141 2221 1281 2254 tractu
1303 2216 1506 2255 examina
1531 2217 1732 2273 {liaculo-

265 2317 362 2342 rum
385 2301 463 2342 rel.
503 2300 614 2340 Nam
637 2299 690 2340 de
713 2299 867 2339 avibus
887 2310 1032 2338 sermo
1064 2302 1147 2345 est,
1177 2307 1290 2349 quae
1322 2294 1481 2335 alicubi
1512 2309 1600 2335 non
1630 2310 1730 2336 con—

265 2380 534 2434 spiciantur,
564 2391 647 2419 nec
678 2378 731 2418 de
763 2377 830 2429 iis,
862 2389 974 2430 quae
1006 2373 1116 2414 alias
1145 2385 1409 2413 numerosae
1442 2374 1729 2427 reperiantur.

728 2488 820 2535 102
844 2485 1008 2534 et103
1030 2507 1080 2527 =
1101 2484 1179 2544 33,
1201 2485 1280 2531 51.

333 2591 486 2639 Rabie
531 2590 724 2654 quidem
766 2595 895 2636 tanta
931 2586 1177 2649 (llbe‘de'nis
1201 2584 1462 2649 perdices)
1505 2584 1727 2631 seruntur

330 2689 382 2729 ut
414 2681 460 2727 in
493 2679 650 2743 capite
691 2676 1033 2741 aucupantium
1073 2691 1221 2738 saepe
1263 2690 1437 2721 caecae
1478 2682 1610 2720 metu
1652 2691 1725 2720 se-

331 2770 490 2816 deant.
571 2769 624 2816 Si
671 2769 729 2815 ad
770 2767 934 2814 nidum
977 2765 1017 2811 is
1050 2762 1211 2826 coepit
1247 2762 1510 2821 accedere,
1553 2763 1725 2826 adpro-
