1914 3237
143 377 224 418 712

144 1249 225 1293 713

148 2252 228 2294 714

151 2700 237 2777 715

257 151 338 196 202
825 125 943 193 Liber
972 152 1159 198 ᾸΧΧΠ.

850 310 1127 365 93:930.

324 394 552 444 Iocineris
591 394 843 445 doloribus
881 395 1075 460 scorpio
1113 394 1324 444 marinus
1361 395 1406 443 in
1438 395 1552 445 vino
1574 411 1719 445 neca—

323 487 420 541 tur,
468 487 516 531 ut
552 482 665 532 inde
703 483 917 546 bibatur3
971 482 1191 532 conchae
1229 482 1408 544 longae
1449 498 1621 533 carnes
1658 499 1719 533 ex

318 570 474 619 inulso
511 575 656 635 potae
694 569 779 619 rel.

340 658 400 699 lta
433 664 474 698 et
505 657 591 698 Sili.
624 663 665 699 et
696 658 766 713 qui
799 671 892 699 cum
925 661 1248 699 antecesserunt
1273 658 1426 713 quique
1458 663 1626 700 secutus
1656 664 1720 701 est

254 735 382 776 Ianus
430 736 555 776 tacite
601 736 880 791 scripserunt,
925 737 1119 778 lectionis
1146 743 1312 777 necatus
1342 749 1468 791 quam
1500 741 1542 778 et
1571 737 1719 794 reliqui

255 814 424 855 codices
465 814 666 855 exhibent
711 818 752 854 et
782 813 954 866 Bamb.,
1000 815 1069 870 qui
1101 815 1227 855 etiam
1260 815 1295 868 §-
1326 814 1379 857 92
1409 828 1506 867 non,
1555 815 1668 871 quod
1697 829 1720 856 e

254 891 401 945 Silligii
421 892 586 932 silentio
619 893 806 947 colligas,
840 894 1018 932 demittas
1048 892 1123 934 sed
1153 896 1336 945 dimittat,
1367 892 1533 947 scripsit
1563 893 1718 934 nullam

254 970 458 1010 rationem
489 969 729 1011 habuerunt
759 982 896 1025 neque
934 971 1170 1011 sententiae
1202 975 1453 1012 structuram
1494 971 1719 1026 expedive-

252 1053 359 1091 runt.
420 1048 589 1090 Scilicet
621 1052 716 1103 post
746 1063 783 1089 v.
815 1051 1017 1089 doloribus
1061 1048 1235 1090 verbum
1272 1056 1442 1101 prosunt
1482 1049 1548 1090 vel
1587 1050 1720 1090 simile

253 1126 365 1183 quod
399 1126 607 1168 excidisse
639 1140 723 1168 non
755 1125 1155 1168 animadverterant.

848 1241 908 1286 97
933 1252 986 1272 =
1006 1239 1131 1294 931.

328 1324 579 1389 (Myaces)
637 1325 799 1373 ulcera
854 1353 910 1359 —
957 1328 1152 1384 sanant;
1206 1324 1321 1373 item
1375 1324 1720 1376 carcinomata:

324 1413 533 1471 cremati,
574 1419 622 1461 ut
657 1413 881 1470 muriceS,
935 1417 982 1460 et
1016 1427 1208 1461 morsus
1245 1427 1413 1461 canum
1449 1412 1722 1462 hominum-

324 1517 419 1566 que
457 1517 563 1550 cuni
603 1500 746 1549 melle
784 1498 869 1549 rel.

367 1594 531 1630 cremati
560 1597 688 1630 autem
734 1592 832 1629 ante
864 1587 956 1631 sill(
980 1587 1213 1643 legebatur.
1272 1587 1354 1635 Qui
1391 1600 1536 1629 vocem
1568 1587 1722 1642 impor-

255 1672 400 1709 tunam
430 1667 578 1708 Bamb.
611 1671 783 1707 auctore
833 1670 948 1707 recte
993 1666 1167 1718 delevit,
1212 1666 1593 1721 interpunctionem
1638 1679 1723 1706 non

256 1747 449 1788 correxit.
509 1746 637 1801 Atqui
668 1743 940 1785 Dioscorides
971 1743 1025 1784 ΙΙ.
1057 1744 1082 1786 7
1112 1746 1287 1793 καέντες
1332 1744 1488 1799 inquit,
1532 1743 1581 1786 τὸ
1614 1741 1722 1785 αὐτὸ

255 1825 389 1880 δρῶσι
428 1828 517 1872 τοῖς
561 1823 760 1879 κήρυξιν,
809 1823 879 1877 qui
916 1822 970 1863 τὰ
1003 1820 1115 1864 αὐτὰ
1154 1825 1332 1865 ποιοῦσι
1362 1826 1436 1864 καὶ
1468 1821 1507 1864 οἱ
1547 1821 1723 1878 κήρυκες

255 1905 430 1951 καέντες
477 1916 525 1942 ac
583 1902 763 1942 murices
802 1901 1004 1941 retulerat
1035 1914 1097 1955 cp.
1129 1900 1175 1952 5,
1235 1904 1276 1941 et
1319 1900 1529 1957 πορφύρα
1568 1905 1723 1942 mewa

257 1981 448 2034 δύναμιν
493 1978 582 2033 ἔχει
611 2004 665 2008 —
695 1977 1058 2034 ἅνακαθαρτικὴν
1102 1976 1260 2029 ἑλκῶν,
1306 1977 1356 2019 ef.
1389 1992 1449 2033 cp.
1480 1980 1516 2020 4.
1576 1978 1724 2033 Itaque

255 2060 420 2113 legatur
450 2062 640 2112 oportet:
700 2061 836 2098 *ulcera
870 2082 919 2087 —-
948 2065 1109 2102 sanant,
1141 2061 1230 2097 item
1257 2060 1531 2098 car-einamma
1564 2060 1725 2097 cremati

262 2145 300 2177 αἱ
331 2141 523 2184 murices;
555 2144 591 2176 el
619 2136 693 2176 rel.

844 2246 1156 2301 103--9,32.

326 2333 535 2399 Saepiae
573 2349 770 2398 quoque
810 2348 905 2382 ova
942 2332 1125 2380 urinam
1163 2337 1391 2389 movent,
1429 2348 1573 2381 renes
1612 2347 1723 2397 pur—-

324 2427 456 2486 gant

368 2519 404 2550 el
449 2523 563 2549 renes
610 2523 691 2549 non
722 2509 758 2548 V
791 2512 952 2549 tantum
999 2507 1147 2559 habet,
1192 2507 1266 2548 sed
1306 2507 1341 2547 B
1371 2522 1561 2563 quoque,
1607 2499 1722 2548 *haud

260 2588 385 2629 dubie
416 2587 715 2642 recipiendum.

829 2690 918 2736 116
939 2710 997 2729 --
1022 2689 1176 2741 1038.

326 2776 404 2825 alii
441 2776 729 2839 sanguinein
767 2774 1064 2824 testudinum
1101 2774 1383 2838 lethargicis
1419 2772 1623 2823 illinunt.
