1914 3237
735 184 851 222 Liber
881 184 998 223 XIX.
1543 180 1595 224 81

215 317 414 365 Αίεὶιίεηα,
446 310 558 366 quod
591 324 743 351 nomen
762 311 1044 352 Schneiderus
1076 311 1129 352 ad
1159 311 1371 367 Theophr.
1402 312 1595 367 V11‚4.7

131 397 246 433 recte
276 393 517 444 corruptum
549 401 642 429 csse
667 387 784 440 dixit,
816 387 956 428 deleta
986 403 1093 443 quae
1125 401 1147 429 e
1168 390 1358 443 proximo
1390 389 1593 430 vocabulo

131 472 367 523 arrepserat
397 467 536 507 littera
567 479 615 517 a,
655 465 788 506 altera
821 480 843 505 n
885 465 926 505 in
958 478 1080 505 suum
1120 467 1259 507 locum
1289 468 1494 521 reposita,
1537 471 1551 507 l
1577 482 1597 507 s

131 550 319 587 correcta
365 544 407 584 in
443 546 582 584 Cnidia
634 542 876 583 mutabitur.
934 542 1096 583 Ibidem
1137 543 1250 598 quod
1295 544 1421 598 vulgo
1459 544 1597 585 editur

127 636 275 674 corpus
295 629 416 661 totum
426 623 721 672 pinfflcz'lude'nis
738 633 873 660 earum
890 624 1125 670 cartilayine
1145 626 1373 675 praeeunte
1386 621 1594 662 Sabellico

128 699 368 750 Pintianus,
418 697 740 752 Dalecampius,
787 696 1069 738 Schneider-us
1112 698 1322 753 corrigere
1353 704 1594 753 coeperunt,

129 790 205 816 nos
243 775 359 817 hisce
388 775 669 831 Theophrasti
715 775 853 816 verbis
887 775 936 817 V.
970 778 1005 817 1.
1037 776 1080 818 6:
1131 774 1225 817 ἔστι
1254 776 1303 817 δὲ
1333 780 1406 818 καὶ
1434 777 1595 819 πολύ-

126 855 297 896 λοπον
344 852 366 909 ἡ
418 851 546 909 ἐλάτη
587 854 792 910 καθάπερ
824 857 897 895 καὶ
937 854 986 895 τὸ
1018 853 1223 907 κρόμυον·
1274 852 1344 895 ἀεὶ
1380 854 1462 911 γὰρ
1507 852 1597 906 ἔχει

124 931 223 971 τινὰ
263 928 470 973 ὑποκάτω
510 936 586 974 τοῦ
637 935 910 987 φαινομένου
962 935 1035 972 καὶ
1087 928 1134 973 ἐκ
1170 931 1384 973 τοιούτων
1431 929 1454 986 ἡ
1505 930 1594 986 ὅλη

128 1009 381 1062 comparatis
413 1009 472 1050 ita
503 1009 784 1050 restituimus:

183 1110 329 1148 corpus
359 1105 479 1138 totum
505 1102 646 1150 pingui
674 1103 893 1139 amicarum
924 1102 1174 1149 cartilayine.

234 1175 383 1230 §.108
411 1189 554 1226 panem
586 1176 727 1231 legere
745 1176 900 1216 malim.

686 1305 775 1351 119
814 1317 863 1339 =
900 1306 1027 1360 736.
1622 1302 1705 1344 404

189 1388 379 1438 Nudum
420 1405 588 1439 semen
625 1389 741 1454 apii,
782 1390 1038 1447 coriandri,
1077 1390 1221 1449 aneti,
1260 1390 1471 1449 feniculi,
1510 1406 1594 1440 cu-

190 1493 320 1530 mlnl.

234 1565 460 1606 Translata
508 1564 613 1606 haec
660 1570 757 1606 sunt
795 1578 816 1605 e
856 1565 1067 1620 Theophr.
1100 1565 1193 1607 VH.
1219 1567 1255 1609 ὁ.
1286 1567 1311 1609 2
1358 1572 1594 1624 κορίαννον

125 1643 174 1684 δὲ
206 1646 279 1684 καὶ
307 1643 517 1699 μάραθον
562 1647 636 1684 καὶ
664 1643 835 1698 ἄνηθον
877 1647 951 1684 καὶ
988 1643 1170 1697 κύμινον
1206 1650 1594 1702 γυμνοσπέρματα,

124 1721 196 1761 ubi
226 1721 384 1762 nullam
416 1721 498 1776 apii
528 1721 785 1761 mentionem
811 1721 899 1761 fieri
931 1727 1118 1776 apparet.
1165 1724 1293 1778 Atqui
1327 1724 1439 1764 idem
1471 1737 1593 1765 voca-

126 1798 270 1839 bulum
300 1813 354 1840 ne
384 1800 591 1854 reperitur
622 1799 791 1854 quidem
821 1799 862 1839 in
895 1799 1016 1839 Plinii
1046 1800 1261 1841 codicibus
1300 1815 1382 1842 uno
1413 1802 1594 1842 fortasse

125 1876 331 1918 Toletano
364 1882 562 1932 excepto:
612 1877 736 1932 plane
767 1877 973 1918 omittitur
1004 1878 1045 1917 in
1077 1876 1127 1930 d,
1158 1878 1199 1918 in
1230 1892 1251 1918 c
1283 1888 1318 1919 el
1342 1885 1389 1932 fi,
1430 1880 1471 1920 in
1505 1894 1529 1920 a
1559 1889 1595 1920 et

122 1960 166 2005 fit
197 1960 355 2008 exstat,
386 1955 498 2011 quod
528 1955 724 1996 facillime
752 1955 795 1996 in
827 1963 884 1996 est
912 1960 1112 1997 mutatur.

697 2085 788 2131 120
824 2104 866 2122 =
904 2085 1031 2140 7,36.
1622 2107 1703 2150 405

190 2167 316 2217 Nihil
353 2169 510 2218 ocimo
546 2169 827 2229 fecundius3
867 2185 975 2219 cum
1011 2169 1284 2218 maledictis
1319 2177 1364 2220 et
1400 2172 1591 2237 probris

189 2271 352 2305 serere
390 2257 708 2321 praecipiunt,
747 2262 796 2305 ut
831 2257 1004 2307 laetius
1045 2259 1328 2322 proveniat3
1366 2265 1471 2308 sato
1510 2276 1593 2324 pa-

194 2343 317 2392 vitur
352 2349 490 2402 terra,
530 2345 839 2409 precantibus
879 2360 938 2394 ne
978 2351 1134 2394 exeat.

235 2430 377 2472 Verba
407 2431 533 2472 Plinii
578 2432 661 2472 iam
706 2433 748 2472 in
793 2433 1094 2488 antiquissimis
1142 2434 1453 2489 exemplaribus
1503 2448 1592 2476 cor-

125 2512 249 2563 rupta
280 2523 373 2550 esse
405 2510 667 2550 memorabili
720 2525 827 2565 quae
869 2511 977 2553 inter
1008 2513 1248 2567 Apuleium,
1290 2513 1358 2567 qui
1396 2513 1455 2554 ita
1493 2513 1594 2555 inci-

124 2587 202 2641 pit:
245 2579 377 2628 οεῑιηῆ
402 2601 501 2640 cum,
554 2594 595 2628 et
625 2588 792 2629 codices
822 2589 1045 2630 intercedit
1076 2589 1314 2631 differentia
1346 2592 1594 2646 comproba-

125 2669 205 2706 tur.
266 2665 385 2706 Illum
417 2664 503 2708 Sill.
535 2671 704 2707 secutus
736 2671 820 2718 est,
852 2667 912 2708 ita
941 2672 1104 2720 tamen,
1136 2673 1182 2708 ut
1212 2668 1323 2723 quod
1355 2669 1466 2724 apud
1498 2684 1593 2710 eum

126 2742 357 2795 invenerat,
376 2747 598 2800 prqce‘pium
615 2745 861 2798 corrigeret:
889 2744 1056 2786 codices
1077 2760 1134 2786 ac
1152 2746 1178 2786 d
1195 2755 1236 2787 ul
1252 2748 1462 2799 omittunt,
1480 2749 1594 2789 vocis

119 2824 379 2870 precantibus
408 2822 499 2862 loco
531 2822 740 2876 integrum
772 2836 956 2876 sensum,
990 2827 1046 2865 acl
1074 2830 1320 2867 cacmnmum
1352 2831 1418 2876 que·
1445 2836 1592 2880 serunt,

1384 2905 1410 2947 6
