1914 3237
767 201 886 239 Liber
915 200 1032 239 XVI.
1602 196 1628 241 9

166 326 289 369 facile
329 328 616 383 corrigemus,
664 341 758 368 cum
792 328 902 367 male
939 327 982 367 in
1013 327 1228 369 codicibus
1258 327 1483 369 coniuncta
1511 330 1628 368 recte

167 402 473 458 distinguemus
518 418 758 459 paucasque
799 404 961 445 litteras
1001 404 1270 447 mutabimus.
1348 405 1629 460 Opponuntur

167 484 308 521 autem
337 480 460 520 radix
500 485 541 522 et
581 481 725 534 arbor,
772 481 924 523 deinde
954 481 1132 523 materia
1162 486 1204 522 et
1232 482 1378 535 arbor,
1427 488 1469 524 et
1497 483 1629 524 radici

166 557 333 613 quidem
372 563 567 610 crispanti
605 558 672 599 vel
705 559 845 614 potius
889 563 1121 611 crispicanti
1165 563 1352 611 (crispi..
1374 565 1480 602 cante·
1518 560 1629 601 enim

162 635 291 676 habet
315 635 406 677 cod.
439 640 485 688 a)
512 636 635 677 arbor
653 650 736 677 non
761 641 857 678 lenis
886 636 961 678 sed
990 641 1096 691 levis,
1119 637 1258 678 arbori
1282 639 1471 691 materia,
1503 651 1629 693 quam

164 713 222 754 sic
253 713 496 755 describunt
527 713 717 755 codices:

218 805 242 832 a
272 792 409 847 quiest
438 792 616 833 materia
647 793 786 833 silenti
817 796 858 833 et
889 792 1072 848 quadam
1102 792 1266 833 duritie.

217 871 243 912 d
275 872 392 926 quies
423 871 626 911 materiae
657 871 822 912 silentio
854 871 1036 926 quodam
1067 875 1109 912 et
1139 871 1304 911 duritie.

271 950 359 990 Iam
400 962 499 989 vero
541 953 665 999 quies!
701 949 767 989 vel
809 953 918 999 quies
962 949 1063 990 nihil
1106 947 1219 988 aliud
1250 952 1314 989 est
1345 961 1472 1003 quam
1502 952 1628 1000 cuius,

160 1032 364 1068 materiam·
393 1027 459 1067 vel
488 1031 713 1067 malerictesz'
745 1040 871 1081 quam
901 1030 1068 1067 maleria
1099 1034 1166 1080 est,
1198 1030 1292 1066 lenti
1321 1033 1357 1066 et
1388 1040 1514 1081 quam
1545 1030 1627 1068 len-

161 1109 263 1158 titie,
294 1104 445 1160 quibus
478 1105 676 1145 correctis
706 1104 815 1145 hanc
846 1105 1070 1145 lectionem
1101 1103 1405 1145 nanciscimur:

214 1186 262 1223 de
291 1190 419 1223 celero
453 1185 546 1231 levi,
590 1187 704 1222 cuius
741 1186 909 1222 materia
949 1189 1008 1222 est
1036 1186 1185 1222 lemme
1215 1185 1388 1233 quadam
1421 1190 1459 1223 et
1487 1186 1630 1224 duritie

216 1275 265 1302 ac
290 1264 446 1312 pallore
478 1263 810 1301 commendabili&

269 1338 334 1379 Ne
374 1339 567 1393 proxima
616 1337 784 1393 quidem
825 1337 953 1377 verba
992 1342 1222 1391 persanata
1251 1343 1367 1379 sunt:
1417 1343 1628 1379 oleastrum

161 1417 271 1458 enim
317 1417 474 1457 buxum
515 1415 718 1471 appellari
748 1416 905 1471 nequit.
964 1415 1064 1456 Tria
1095 1429 1254 1471 genera
1298 1416 1626 1471 distinguuntur,

161 1494 388 1547 Gallicum,
428 1498 639 1546 nostrate,
684 1499 730 1534 ut
768 1499 881 1534 recte
925 1498 1023 1535 ante
1057 1493 1144 1535 Sili.
1176 1494 1396 1549 legebatur
1428 1495 1454 1535 i.
1490 1509 1525 1536 e.
1558 1496 1627 1536 sil-

159 1577 298 1613 vestre
343 1576 438 1613 satu
481 1572 718 1627 mitigatum
758 1576 799 1612 et
853 1572 1043 1612 silvestre
1084 1586 1168 1612 non
1210 1573 1469 1628 mitigatum,
1516 1574 1627 1629 quod

160 1649 402 1705 Olympium
434 1649 769 1705 aTheophrasto
800 1649 851 1690 V.
871 1651 907 1693 7.
940 1652 976 1694 7.
1010 1652 1258 1706 appellatur.
1301 1651 1420 1699 Quae
1442 1651 1568 1707 igitur
1584 1652 1626 1693 in

162 1727 252 1769 cod.
287 1742 312 1768 a
336 1733 477 1770 exstat
504 1729 644 1781 lectio,
670 1732 884 1780 procerior
915 1736 973 1769 est
1003 1733 1213 1770 oleastrum
1244 1733 1283 1771 in
1307 1730 1367 1771 ita
1397 1730 1475 1771 erit
1503 1730 1626 1771 refin-

161 1805 321 1860 genda:

603 1888 876 1936 proceriores,
921 1887 1097 1926 silvestre
1126 1889 1177 1927 τή.

718 1990 1044 2046 71:162&
1656 1991 1736 2037 265

221 2087 395 2136 Buxus'
529 2087 830 2136 crassissima
865 2088 911 2136 in
951 2088 1170 2147 Corsica,
1208 2089 1327 2139 flore
1364 2105 1459 2140 non
1492 2104 1628 2155 sper-

219 2176 408 2234 nend0‚
442 2190 565 2239 quae
604 2191 751 2224 causa
787 2177 1112 2226 amaritudinis
1149 2177 1330 2240 mellis,
1367 2193 1535 2228 semen
1572 2177 1626 2226 il-

218 2263 312 2312 lius
350 2264 536 2313 cunctis
578 2264 899 2314 animantibus
935 2265 1159 2314 invisum.

265 2362 604 2417 Theophrastum
634 2363 702 2404 hic
733 2378 899 2419 quoque
927 2364 1088 2405 Plinius
1121 2365 1332 2419 excerpsit
1362 2366 1517 2407 ultimis
1534 2379 1626 2406 ver-

157 2440 221 2481 bis
253 2453 275 2480 e
306 2440 381 2481 ΙΙΙ.
413 2443 451 2483 4.
484 2441 526 2493 6,
568 2442 776 2497 prioribus
809 2455 831 2483 e
861 2442 940 2482 III.
974 2444 1037 2485 15.
1070 2447 1104 2485 5.
1137 2444 1328 2498 sumptis.
1387 2444 1469 2492 Qui
1499 2458 1626 2499 quum

156 2532 301 2560 semen
341 2518 442 2559 buxi
487 2533 570 2559 non
601 2520 643 2560 in
677 2519 849 2560 Corsica
881 2521 970 2561 sola
1000 2521 1076 2562 sed
1106 2521 1260 2576 ubique
1291 2521 1343 2562 ab
1375 2522 1626 2563 animalibus

156 2597 298 2651 sperni
328 2598 575 2650 narraverit,
620 2610 757 2652 neque
790 2597 948 2639 Corsici
979 2599 1114 2640 mellis
1146 2599 1470 2640 amaritudinem
1502 2614 1526 2641 a
1551 2601 1624 2641 flo-

154 2674 209 2714 ris
226 2674 392 2727 virtute,
426 2674 502 2716 sed
526 2675 577 2716 ab
603 2675 764 2716 arboris
787 2676 1067 2717 crassitudine
1083 2682 1268 2732 repetat,
1300 2682 1478 2733 apparet
1495 2692 1624 2718 unum

155 2764 322 2792 versum
352 2752 523 2793 XXVII
559 2753 792 2794 litterarum
832 2755 874 2794 in
906 2755 1051 2796 codice
1084 2740 1312 2811 archetypo
1355 2757 1465 2797 male
1496 2757 1623 2798 collo-

155 2834 293 2871 catum
323 2836 364 2871 et
393 2831 752 2886 transponendum
784 2847 892 2886 esse,
922 2839 969 2875 ut
1001 2835 1194 2890 legatur:
