1914 3237
762 131 893 173 Liber
923 131 1008 172 XI.
1546 125 1624 166 165

149 262 233 294 tam
266 254 456 310 aliquam
496 256 622 297 deam
661 256 801 298 fuisse
839 256 1118 310 pronuntiat,
1159 252 1240 296 sed
1280 259 1322 292 et
1356 249 1539 290 Dianam
1583 257 1625 288 et

147 333 385 374 Fortunam
422 347 474 374 eo
506 333 766 387 cognomine
803 332 953 373 ornari
981 331 1181 372 affirmat.
1248 330 1366 370 Idem
1396 342 1483 369 non
1515 327 1624 381 Opi-

145 410 268 452 ferae
310 413 466 453 aedem
509 424 621 466 quae
663 410 779 452 nulla
811 410 890 452 fuit
930 410 1105 464 (neque
1140 408 1363 449 Fortunae
1394 408 1621 449 Dianaeve

144 503 196 531 eo
228 491 402 531 nomine
434 490 604 530 Romae
636 489 845 544 templum
879 497 1073 530 erectum
1105 488 1212 542 est),
1244 487 1325 527 sed
1357 487 1466 540 Opis
1498 486 1620 526 intel·

141 569 358 623 lig-endam
396 582 500 609 esse
535 569 658 618 vidit,
695 575 825 622 atque
864 567 903 608 in
940 581 993 608 eo
1026 573 1190 607 tantum
1221 563 1374 618 lapsus
1406 571 1473 605 est
1504 570 1620 618 quod

143 645 248 701 Opis
277 661 377 686 vere
405 646 491 699 legi
524 646 675 687 voluit.
746 646 857 686 Nam
894 658 1038 700 neque
1076 647 1266 695 „vere‘2
1309 641 1423 683 idem
1459 648 1526 682 est
1567 654 1619 682 ac

139 738 261 777 „non
293 724 531 779 perplexe,
572 725 726 764 iuste‘³
768 736 910 778 neque
942 723 1184 763 orationem
1217 720 1453 775 quamlibet
1485 720 1617 760 medi-

138 812 255 845 tatus
287 813 354 846 est
388 803 608 845 Metellus,
683 803 907 844 l'ontificis
948 802 1058 843 enim
1092 808 1189 842 erat
1220 800 1262 841 in
1294 799 1466 840 aedium
1499 797 1615 838 dedi-

137 883 312 923 catione
345 890 467 924 certa
499 884 689 938 quadam
720 882 907 924 formula
938 882 1010 932 uti,
1042 894 1171 936 quam
1203 880 1432 922 ediscebat
1461 877 1616 919 Metel-

136 962 203 1003 lus
237 969 279 1003 ct
301 963 593 1003 meditabatur
618 977 672 1003 ne
698 963 739 1003 in
766 961 1092 1017 pronuntiando
1124 959 1362 1001 falleretur.
1401 958 1487 998 lam
1509 969 1614 998 vero

135 1040 358 1081 sollemnis
395 1049 437 1081 et
478 1043 657 1097 propria
705 1043 745 1082 in
792 1041 865 1082 tali
909 1041 1188 1082 dedicatione
1233 1039 1360 1081 vocis
1404 1038 1614 1092 „verba‘⁵

134 1118 394 1173 significatio
433 1127 517 1160 est.
589 1118 769 1171 „Verba
802 1120 1022 1173 praeire‘⁵
1066 1119 1253 1174 legiinus
1290 1118 1407 1172 apud
1445 1117 1612 1158 Livium

130 1196 202 1238 lx.
215 1196 283 1247 415,
313 1198 479 1251 „verba
499 1195 687 1238 facere‘'·
718 1197 832 1250 apud
853 1196 946 1238 Cic.
961 1212 1002 1250 p.
1018 1195 1217 1247 ‹10111.46,
1241 1197 1408 1249 „verba
1433 1196 1613 1236 ‹licen-<2⁶⁶

134 1275 252 1328 apud
285 1275 470 1317 Gellium
502 1276 532 1319 l.
565 1275 625 1318 12.
656 1290 680 1318 e
706 1275 844 1317 Fabio
880 1276 1069 1318 Pictore.
1129 1276 1248 1317 Idem
1282 1276 1399 1330 apud
1431 1276 1612 1317 Plinium

132 1356 384 1397 certissima
416 1357 672 1398 coniectura
702 1357 985 1399 scribendum
1018 1370 1122 1398 esse
1151 1357 1246 1397 aio:

312 1457 351 1499 d.
383 1473 437 1498 m.
468 1459 513 1498 in
545 1459 790 1500 dedicanda
820 1460 928 1500 aede
949 1459 1054 1515 Opis
1084 1458 1242 1500 verba
1273 1459 1427 1499 «licere.

239 1558 339 1605 Qua
381 1560 554 1614 quidem
593 1561 902 1603 emendatione
943 1562 997 1602 de
1029 1567 1176 1602 aetate
1216 1560 1365 1614 templi
1410 1560 1527 1614 quod
1567 1562 1607 1601 in

129 1636 345 1690 Capitolio
394 1638 522 1681 situm
569 1653 894 1696 nonnumquam
939 1645 1334 1688 commemoratur,
1391 1639 1607 1682 certiores

127 1714 266 1757 fimus.

660 1830 756 1878 176
775 1854 826 1875 =
845 1829 1041 1878 ibidem.
1630 1838 1712 1879 207

192 1932 362 1979 Altera
408 1930 627 1979 exterior
673 1930 923 1997 (fistula)
967 1932 1240 1996 appellatur
1283 1947 1418 1979 sane
1466 1932 1604 1997 gula

190 2038 301 2086 qua
338 2021 476 2070 cibus
511 2028 656 2085 atque
695 2029 842 2086 potus
879 2021 1089 2071 devolat.

234 2142 494 2197 Appellatur
522 2141 714 2203 Silligius
746 2157 770 2185 e
794 2144 919 2185 codd.
949 2144 1124 2198 optimis
1156 2145 1288 2195 dedit,
1321 2160 1450 2201 quum
1468 2146 1598 2202 vulgo

122 2221 358 2278 appelletur
392 2221 631 2278 legeretur.
721 2223 929 2264 Attamen
972 2237 1132 2265 vocem
1170 2238 1277 2266 sane
1313 2233 1414 2267 tunc
1451 2234 1597 2280 aptam

121 2315 208 2342 non
239 2314 342 2342 esse
373 2308 573 2356 apparet.
619 2301 760 2342 Utitur
791 2315 844 2342 ea
868 2299 1050 2352 Plinius,
1081 2303 1152 2343 ubi
1183 2316 1275 2344 rem
1304 2304 1478 2346 dubiam
1506 2307 1597 2361 qui-

122 2381 218 2422 dem
251 2394 355 2422 esse
386 2379 606 2435 significat
636 2381 717 2422 sed
748 2381 807 2422 ita
835 2390 1162 2436 comparatam,
1197 2391 1243 2424 ut
1273 2384 1370 2438 ipse
1403 2384 1596 2439 opinioni

120 2467 330 2512 receptae
361 2473 447 2500 non
477 2467 709 2514 repugnet.
768 2459 832 2500 Ita
862 2458 977 2500 infra
1001 2460 1038 2516 ξ.
1059 2459 1152 2502 267.
1181 2462 1425 2512 „credatur
1454 2469 1596 2505 sane²‘

121 2539 280 2580 dictum
296 2539 512 2593 reperies.
560 2539 693 2595 Atqui
717 2538 802 2581 hoc
828 2538 925 2580 loco
947 2540 1001 2580 de
1021 2538 1123 2594 gula
1145 2541 1344 2583 dubitare
1367 2543 1592 2584 nonlicet:

118 2619 267 2672 itaque
300 2618 354 2658 ad
390 2619 691 2660 coniecturam
723 2617 1066 2675 confugiendum
1104 2627 1185 2663 est.
1260 2621 1387 2668 Quae
1417 2623 1592 2678 quidem

117 2697 234 2740 facili
267 2698 611 2753 transpositione
650 2698 890 2754 perficitur.
960 2699 1147 2749 Dixerat
1181 2699 1369 2752 Plinius,
1413 2702 1511 2744 cibo
1550 2703 1591 2743 in

121 2777 327 2819 arteriam
359 2775 635 2834 alienumque
667 2778 885 2822 tramitem
914 2787 1097 2835 recepto
1128 2780 1347 2824 hominem
1377 2784 1592 2839 torqueri:
