1914 3237
737 162 857 201 Liber
885 162 1072 201 XXXII.
1553 156 1633 201 199

237 289 392 354 mergi
431 317 486 325 —-
527 290 588 338 ad
635 289 796 339 locum
834 289 1184 348 Mauretaniae,
1239 290 1319 353 qui
1357 287 1495 338 Cotte
1550 302 1636 338 vo-

236 383 385 427 cetur.

281 464 477 507 Gladium
508 465 669 519 piscem
686 463 794 505 Plin.
825 464 908 504 iam
940 463 1015 506 IX.
1047 465 1100 506 54
1130 464 1432 516 nominaverat,
1464 462 1638 518 xiphian

168 542 278 584 infra
308 543 345 596 ἓ.
376 543 454 584 151
487 546 811 595 commemorat,
857 545 1006 583 neutro
1037 542 1130 582 loco
1161 544 1485 596 interpretatur,
1530 554 1638 597 quae

168 621 295 675 igitur
324 619 364 660 h.
395 620 421 660 l.
452 624 498 661 ut
528 624 821 661 mucronatum
867 624 1047 660 rostrum
1078 620 1332 675 explicetur,
1379 619 1544 660 adiecta
1580 619 1638 660 le-

169 698 307 753 gimus
351 698 538 753 glossam
584 698 789 739 redolent.
876 698 1015 740 Locus
1067 702 1207 738 autem
1252 698 1544 739 Mauretaniae
1599 702 1641 738 et

169 775 221 818 V.
252 776 290 833 2,
316 776 359 816 in
389 775 482 818 cod.
513 776 552 816 A
583 781 624 816 et
653 775 720 816 hic
760 775 803 816 in
842 775 932 817 cod.
965 776 1000 816 B
1041 779 1176 817 Cottae
1223 776 1482 831 appellatur,
1531 789 1640 831 quae

169 854 350 895 nominis
396 853 532 894 forma
575 867 669 894 cum
719 853 938 895 Strabonis
983 854 1075 896 loco
1118 869 1157 906 p.
1197 854 1301 907 825,
1333 855 1358 896 2
1405 853 1451 895 αἱ
1480 853 1641 903 Κώτεις

170 931 461 985 confirmetur,
493 932 644 987 plurali
674 946 849 973 numero
880 932 1038 973 Plinius
1076 946 1177 973 usus
1210 945 1303 973 esse
1332 931 1512 973 videtur.

788 1014 1032 1069 16=·?,7.

235 1097 274 1147 E
295 1112 440 1146 manu
468 1104 734 1147 vescuntur
771 1099 932 1164 pisces
967 1100 1012 1147 in
1054 1096 1272 1162 pluribus
1303 1098 1502 1162 quidem
1522 1097 1644 1147 Cae-

236 1186 359 1235 saris
398 1184 550 1245 villis3
620 1187 710 1235 sed
748 1202 871 1251 quae
911 1192 1122 1245 vetereS‚
1160 1186 1423 1251 prodidere
1459 1186 1506 1234 in
1547 1192 1643 1234 sta-

234 1274 360 1339 gniS,
398 1288 494 1322 non
531 1274 730 1339 piscinis
767 1274 1009 1332 admirati,
1056 1274 1100 1323 in
1142 1274 1289 1324 Eloro
1330 1273 1526 1324 Siciliae
1565 1289 1644 1323 ca-

241 1361 384 1411 stello
406 1389 491 1419 -‚
527 1362 640 1411 item
677 1363 723 1411 in
762 1361 1003 1412 Labrandi
1050 1362 1180 1412 Iovis
1226 1364 1359 1412 sonte
1397 1362 1643 1427 anguillae

239 1459 286 1502 et
304 1453 499 1501 inaures
520 1451 710 1500 additas
744 1457 935 1516 gerunt,
974 1452 1192 1500 similiter
1215 1452 1262 1500 in
1302 1451 1419 1501 Chio
1458 1450 1543 1500 rel,

282 1539 348 1581 Ita
379 1521 467 1580 Sill.
515 1539 607 1580 cod.
639 1539 1001 1594 Bambergensem
1047 1553 1068 1580 e
1106 1545 1226 1594 parte
1267 1544 1460 1592 secutus,
1505 1552 1644 1594 neque

172 1619 349 1660 multum
381 1617 520 1659 differt
551 1617 643 1658 Iani
673 1618 779 1658 ratio
819 1618 888 1673 qui
934 1618 1272 1672 interpunctione
1310 1622 1474 1659 mutata
1514 1617 1645 1659 verba

175 1711 260 1737 non
310 1695 570 1748 emendavit,
622 1696 701 1736 nisi
751 1695 863 1751 quod
905 1701 1016 1737 recte
1063 1710 1085 1737 e
1131 1696 1252 1737 codd.
1286 1699 1521 1748 Labrayndi
1550 1696 1575 1736 i.
1608 1710 1643 1737 e.

174 1777 427 1827 Labraynclz'i
478 1773 658 1828 scripsit.
717 1773 925 1829 Equidem
970 1788 1106 1828 neque
1157 1775 1412 1815 sententiam
1465 1774 1645 1815 orationi

175 1858 317 1908 aptam
347 1853 490 1893 inesse
535 1865 673 1907 neque
705 1856 957 1892 structuram
990 1852 1211 1893 verborum
1252 1852 1350 1892 ferri
1391 1866 1516 1907 posse
1547 1866 1644 1893 con-

174 1931 316 1972 tendo.
374 1930 483 1970 Nam
515 1929 628 1984 quod
657 1929 786 1970 Ianus
817 1936 913 1984 post
943 1944 1006 1971 vv,
1039 1934 1138 1971 villis
1170 1934 1210 1971 et
1239 1933 1311 1970 sed
1339 1931 1497 1970 leniore
1515 1930 1645 1971 inter-

174 2009 403 2065 punctione
432 2021 534 2048 usus
566 2012 657 2059 est,
704 2021 787 2048 non
819 1991 1028 2048 contraria
1059 2014 1155 2049 sunt
1187 2008 1309 2048 villae
1341 2013 1382 2048 et
1412 2008 1645 2057 castellum,

174 2087 250 2129 sed
280 2092 434 2142 stagna
474 2090 515 2126 et
545 2085 754 2140 piscinae,
805 2085 990 2140 Silligius
1030 2100 1129 2127 vero
1168 2100 1220 2126 ne
1269 2099 1438 2126 sensum
1476 2086 1645 2141 quidem

173 2164 478 2222 grammaticae
508 2163 674 2217 legibus
706 2163 1054 2216 accommodavit,
1086 2177 1285 2218 quorsum
1317 2165 1426 2204 enim
1457 2163 1645 2204 referun-

173 2250 241 2285 tur
271 2242 401 2284 verba
431 2245 505 2282 secl
533 2255 637 2292 quae
668 2246 842 2281 celeres?
879 2241 1027 2296 Neque
1059 2244 1228 2283 omnino
1260 2242 1345 2282 ulla
1376 2242 1520 2297 primis
1552 2256 1646 2283 sen—

174 2321 316 2363 tentiis
346 2320 459 2360 inest
490 2319 724 2374 oppositio,
757 2319 830 2360 sed
863 2320 1144 2374 comparatio,
1195 2319 1343 2360 eodem
1377 2321 1488 2361 enim
1519 2320 1643 2361 modo

176 2414 198 2440 e
229 2398 356 2440 verbo
388 2399 641 2449 ,vescuntur‘
682 2396 911 2438 infinitivus
949 2398 1090 2450 ,vesci‘
1131 2398 1391 2452 supplendus
1423 2402 1508 2451 est,
1562 2412 1644 2454 quo

174 2475 379 2518 XXXIV.
410 2476 434 2518 5
463 2474 638 2515 verbum
669 2476 885 2527 ,exerceri‘
915 2476 1045 2515 semel
1077 2476 1259 2530 positum
1290 2475 1353 2516 bis
1383 2476 1645 2532 intelligitur,

176 2569 257 2610 quo
290 2554 341 2595 de
372 2565 530 2608 genere
560 2552 610 2594 cf.
643 2552 904 2608 Grasberger
935 2568 974 2608 p.
994 2554 1055 2596 16.
1089 2553 1297 2609 Corrupta
1331 2568 1425 2595 esse
1456 2556 1646 2610 sequitur

176 2632 307 2674 verba
351 2635 423 2672 sed
453 2644 555 2682 quae
583 2631 619 2671 B
659 2644 702 2671 se
731 2646 832 2682 quae
861 2632 899 2672 R
927 2645 968 2672 se
1000 2645 1075 2682 que
1103 2632 1166 2684 V,
1210 2632 1322 2673 unde
1353 2632 1493 2674 deleta
1537 2646 1645 2688 quae

178 2725 200 2751 e
230 2710 421 2766 proximo
460 2708 666 2750 vocabulo
701 2708 955 2750 adhaeserat
999 2710 1140 2751 littera
1168 2725 1186 2750 s
1218 2710 1330 2751 nullo
1377 2711 1546 2765 negotio
1589 2711 1645 2752 ef-

178 2788 326 2829 ficitur*
352 2801 477 2838 aeque
514 2801 572 2828 sc.
606 2800 628 2827 e
669 2801 795 2828 manu
834 2788 956 2828 vesci.
1016 2789 1079 2829 Ita
1107 2788 1246 2830 XVII.
1277 2790 1329 2831 84
1371 2803 1395 2830 a
1436 2790 1646 2830 sententia

1672 1034 1752 1077 707
