<?xml version="1.0" encoding="UTF-8"?>
<!DOCTYPE html PUBLIC "-//W3C//DTD XHTML 1.0 Transitional//EN"
    "http://www.w3.org/TR/xhtml1/DTD/xhtml1-transitional.dtd">
<html xmlns="http://www.w3.org/1999/xhtml" xml:lang="en" lang="en">
 <head>
  <title>
</title>
<meta http-equiv="Content-Type" content="text/html;charset=utf-8" />
  <meta name='ocr-system' content='tesseract 3.04.00' />
  <meta name='ocr-capabilities' content='ocr_page ocr_carea ocr_par ocr_line ocrx_word'/>
</head>
<body>
  <div class='ocr_page' id='page_1' title='image "./vindiciaeplinian00urliuoft_0210.png"; bbox 0 0 1914 3237; ppageno 0'>
   <div class='ocr_carea' id='block_1_1' title="bbox 267 168 1130 217">
    <p class='ocr_par' dir='ltr' id='par_1_1' title="bbox 267 168 1130 217">
     <span class='ocr_line' id='line_1_1' title="bbox 267 168 1130 217; baseline 0.005 -5"><span class='ocrx_word' id='word_1_1' title='bbox 267 168 321 213; x_wconf 88' lang='grc'>10</span> <span class='ocrx_word' id='word_1_2' title='bbox 865 172 979 215; x_wconf 73' lang='lat' dir='ltr'>Liber</span> <span class='ocrx_word' id='word_1_3' title='bbox 1013 173 1130 217; x_wconf 74' lang='lat' dir='ltr'><em>XVI.</em></span> 
     </span>
    </p>
   </div>
   <div class='ocr_carea' id='block_1_2' title="bbox 320 302 1729 428">
    <p class='ocr_par' dir='ltr' id='par_1_2' title="bbox 320 302 1729 428">
     <span class='ocr_line' id='line_1_2' title="bbox 322 302 1729 351; baseline -0.002 -9"><span class='ocrx_word' id='word_1_4' title='bbox 322 302 567 342; x_wconf 74' lang='lat' dir='ltr'><em>crassissima</em></span> <span class='ocrx_word' id='word_1_5' title='bbox 597 302 634 340; x_wconf 72' lang='lat' dir='ltr'>in</span> <span class='ocrx_word' id='word_1_6' title='bbox 656 303 831 350; x_wconf 70' lang='lat' dir='ltr'>Corsica,</span> <span class='ocrx_word' id='word_1_7' title='bbox 862 313 964 351; x_wconf 78' lang='lat' dir='ltr'>quae</span> <span class='ocrx_word' id='word_1_8' title='bbox 993 314 1117 344; x_wconf 74' lang='lat' dir='ltr'>causa</span> <span class='ocrx_word' id='word_1_9' title='bbox 1147 303 1426 341; x_wconf 76' lang='lat' dir='ltr'>amaritudinis</span> <span class='ocrx_word' id='word_1_10' title='bbox 1455 303 1574 342; x_wconf 81' lang='lat' dir='ltr'>mellis</span> <span class='ocrx_word' id='word_1_11' title='bbox 1583 316 1597 350; x_wconf 88' lang='lat'>,·</span> <span class='ocrx_word' id='word_1_12' title='bbox 1626 303 1729 351; x_wconf 75' lang='lat' dir='ltr'>flore</span> 
     </span>
     <span class='ocr_line' id='line_1_3' title="bbox 320 381 1026 428; baseline 0 -9"><span class='ocrx_word' id='word_1_13' title='bbox 320 391 399 419; x_wconf 82' lang='lat' dir='ltr'>non</span> <span class='ocrx_word' id='word_1_14' title='bbox 426 381 655 428; x_wconf 23' lang='lat' dir='ltr'>spernendo*</span> <span class='ocrx_word' id='word_1_15' title='bbox 675 392 802 420; x_wconf 82' lang='lat' dir='ltr'><em>semen</em></span> <span class='ocrx_word' id='word_1_16' title='bbox 828 383 930 420; x_wconf 77' lang='lat' dir='ltr'>illius</span> <span class='ocrx_word' id='word_1_17' title='bbox 958 383 1026 421; x_wconf 81' lang='lat' dir='ltr'>rel.</span> 
     </span>
    </p>
   </div>
   <div class='ocr_carea' id='block_1_3' title="bbox 376 478 1728 611">
    <p class='ocr_par' dir='ltr' id='par_1_3' title="bbox 376 478 1728 611">
     <span class='ocr_line' id='line_1_4' title="bbox 377 478 1728 533; baseline -0.001 -15"><span class='ocrx_word' id='word_1_18' title='bbox 377 479 411 533; x_wconf 63' lang='grc' dir='ltr'>ξ.</span> <span class='ocrx_word' id='word_1_19' title='bbox 443 479 508 522; x_wconf 77' lang='lat'>72.</span> <span class='ocrx_word' id='word_1_20' title='bbox 542 478 722 519; x_wconf 83' lang='lat' dir='ltr'>barbara</span> <span class='ocrx_word' id='word_1_21' title='bbox 745 492 828 520; x_wconf 76' lang='lat' dir='ltr'>vox</span> <span class='ocrx_word' id='word_1_22' title='bbox 844 484 1026 520; x_wconf 76' lang='lat' dir='ltr'>Siccanas</span> <span class='ocrx_word' id='word_1_23' title='bbox 1046 479 1086 519; x_wconf 90' lang='lat' dir='ltr'>in</span> <span class='ocrx_word' id='word_1_24' title='bbox 1103 482 1309 519; x_wconf 78' lang='lat' dir='ltr'>siccaneas</span> <span class='ocrx_word' id='word_1_25' title='bbox 1337 481 1521 518; x_wconf 88' lang='lat' dir='ltr'>mutetur</span> <span class='ocrx_word' id='word_1_26' title='bbox 1551 481 1728 532; x_wconf 81' lang='lat' dir='ltr'><strong>oportet.</strong></span> 
     </span>
     <span class='ocr_line' id='line_1_5' title="bbox 376 555 1725 611; baseline -0.002 -13"><span class='ocrx_word' id='word_1_27' title='bbox 376 557 411 611; x_wconf 64' lang='grc' dir='ltr'>ξ.</span> <span class='ocrx_word' id='word_1_28' title='bbox 442 557 509 600; x_wconf 82' lang='grc'>75.</span> <span class='ocrx_word' id='word_1_29' title='bbox 543 570 672 598; x_wconf 87' lang='lat' dir='ltr'>causa</span> <span class='ocrx_word' id='word_1_30' title='bbox 703 570 787 598; x_wconf 92' lang='lat' dir='ltr'>non</span> <span class='ocrx_word' id='word_1_31' title='bbox 819 562 883 598; x_wconf 89' lang='lat' dir='ltr'>est</span> <span class='ocrx_word' id='word_1_32' title='bbox 916 571 989 599; x_wconf 90' lang='lat' dir='ltr'>cur</span> <span class='ocrx_word' id='word_1_33' title='bbox 1019 571 1044 597; x_wconf 90' lang='lat' dir='ltr'>a</span> <span class='ocrx_word' id='word_1_34' title='bbox 1074 556 1195 598; x_wconf 90' lang='lat' dir='ltr'>codd.</span> <span class='ocrx_word' id='word_1_35' title='bbox 1227 556 1434 611; x_wconf 88' lang='lat' dir='ltr'>scriptura</span> <span class='ocrx_word' id='word_1_36' title='bbox 1464 555 1622 611; x_wconf 88' lang='lat' dir='ltr'>passivi</span> <span class='ocrx_word' id='word_1_37' title='bbox 1653 568 1725 610; x_wconf 73' lang='lat' dir='ltr'>ge-</span> 
     </span>
    </p>
   </div>
   <div class='ocr_carea' id='block_1_4' title="bbox 266 634 1727 762">
    <p class='ocr_par' dir='ltr' id='par_1_4' title="bbox 266 634 1727 762">
     <span class='ocr_line' id='line_1_6' title="bbox 266 634 1727 689; baseline -0.002 -14"><span class='ocrx_word' id='word_1_38' title='bbox 266 634 378 675; x_wconf 88' lang='lat' dir='ltr'>neris</span> <span class='ocrx_word' id='word_1_39' title='bbox 399 639 633 675; x_wconf 77' lang='lat' dir='ltr'>comitantur</span> <span class='ocrx_word' id='word_1_40' title='bbox 662 648 717 677; x_wconf 90' lang='lat' dir='ltr'>sc.</span> <span class='ocrx_word' id='word_1_41' title='bbox 750 635 1023 689; x_wconf 80' lang='lat' dir='ltr'>magistratus</span> <span class='ocrx_word' id='word_1_42' title='bbox 1055 634 1316 686; x_wconf 82' lang='lat' dir='ltr'>recedamus,</span> <span class='ocrx_word' id='word_1_43' title='bbox 1360 647 1434 688; x_wconf 90' lang='lat' dir='ltr'>pro</span> <span class='ocrx_word' id='word_1_44' title='bbox 1463 635 1631 682; x_wconf 77' lang='lat' dir='ltr'>fecerint</span> <span class='ocrx_word' id='word_1_45' title='bbox 1655 645 1727 673; x_wconf 85' lang='lat' dir='ltr'>au-</span> 
     </span>
     <span class='ocr_line' id='line_1_7' title="bbox 269 712 871 762; baseline -0.002 -8"><span class='ocrx_word' id='word_1_46' title='bbox 269 718 353 754; x_wconf 91' lang='lat' dir='ltr'>tem</span> <span class='ocrx_word' id='word_1_47' title='bbox 380 714 559 762; x_wconf 66' lang='lat' dir='ltr'>[iecerunt</span> <span class='ocrx_word' id='word_1_48' title='bbox 590 712 871 753; x_wconf 88' lang='lat' dir='ltr'>scribendum.</span> 
     </span>
    </p>
   </div>
   <div class='ocr_carea' id='block_1_5' title="bbox 158 828 1160 884">
    <p class='ocr_par' dir='ltr' id='par_1_5' title="bbox 158 828 1160 884">
     <span class='ocr_line' id='line_1_8' title="bbox 158 828 1160 884; baseline -0.005 -4"><span class='ocrx_word' id='word_1_49' title='bbox 158 837 238 882; x_wconf 80' lang='grc'>266</span> <span class='ocrx_word' id='word_1_50' title='bbox 851 829 914 877; x_wconf 84' lang='grc'>82</span> <span class='ocrx_word' id='word_1_51' title='bbox 929 849 988 868; x_wconf 87' lang='lat'>=</span> <span class='ocrx_word' id='word_1_52' title='bbox 1001 828 1160 884; x_wconf 61' lang='lat'><strong>2234.</strong></span> 
     </span>
    </p>
   </div>
   <div class='ocr_carea' id='block_1_6' title="bbox 266 923 1732 1449">
    <p class='ocr_par' dir='ltr' id='par_1_6' title="bbox 266 923 1732 1449">
     <span class='ocr_line' id='line_1_9' title="bbox 375 923 1727 980; baseline -0.001 -15"><span class='ocrx_word' id='word_1_53' title='bbox 375 925 516 966; x_wconf 86' lang='lat' dir='ltr'>Verbo</span> <span class='ocrx_word' id='word_1_54' title='bbox 546 938 698 966; x_wconf 86' lang='lat' dir='ltr'>moneo</span> <span class='ocrx_word' id='word_1_55' title='bbox 736 939 811 980; x_wconf 90' lang='lat' dir='ltr'>pro</span> <span class='ocrx_word' id='word_1_56' title='bbox 850 928 910 966; x_wconf 74' lang='lat' dir='ltr'>his</span> <span class='ocrx_word' id='word_1_57' title='bbox 948 937 1050 975; x_wconf 78' lang='lat' dir='ltr'>quae</span> <span class='ocrx_word' id='word_1_58' title='bbox 1087 929 1135 965; x_wconf 79' lang='lat' dir='ltr'>iis</span> <span class='ocrx_word' id='word_1_59' title='bbox 1166 938 1269 975; x_wconf 79' lang='lat' dir='ltr'>quae</span> <span class='ocrx_word' id='word_1_60' title='bbox 1297 923 1604 965; x_wconf 85' lang='lat' dir='ltr'>restituendum</span> <span class='ocrx_word' id='word_1_61' title='bbox 1635 936 1727 964; x_wconf 89' lang='lat' dir='ltr'>esse</span> 
     </span>
     <span class='ocr_line' id='line_1_10' title="bbox 266 1001 1728 1058; baseline -0.001 -15"><span class='ocrx_word' id='word_1_62' title='bbox 266 1003 393 1058; x_wconf 89' lang='lat' dir='ltr'>idque</span> <span class='ocrx_word' id='word_1_63' title='bbox 437 1003 480 1043; x_wconf 90' lang='lat' dir='ltr'>in</span> <span class='ocrx_word' id='word_1_64' title='bbox 518 1003 707 1058; x_wconf 84' lang='lat' dir='ltr'>plurimis</span> <span class='ocrx_word' id='word_1_65' title='bbox 747 1003 850 1044; x_wconf 86' lang='lat' dir='ltr'>locis</span> <span class='ocrx_word' id='word_1_66' title='bbox 882 1003 1033 1044; x_wconf 85' lang='lat' dir='ltr'>valere.</span> <span class='ocrx_word' id='word_1_67' title='bbox 1079 1002 1228 1057; x_wconf 81' lang='lat' dir='ltr'>Neque</span> <span class='ocrx_word' id='word_1_68' title='bbox 1260 1002 1370 1043; x_wconf 83' lang='lat' dir='ltr'>enim</span> <span class='ocrx_word' id='word_1_69' title='bbox 1402 1001 1514 1057; x_wconf 85' lang='lat' dir='ltr'>apud</span> <span class='ocrx_word' id='word_1_70' title='bbox 1543 1001 1728 1042; x_wconf 83' lang='lat' dir='ltr'>Plinium</span> 
     </span>
     <span class='ocr_line' id='line_1_11' title="bbox 266 1073 1728 1137; baseline -0.002 -15"><span class='ocrx_word' id='word_1_71' title='bbox 266 1083 359 1137; x_wconf 85' lang='lat' dir='ltr'>plus</span> <span class='ocrx_word' id='word_1_72' title='bbox 421 1095 546 1137; x_wconf 88' lang='lat' dir='ltr'>quam</span> <span class='ocrx_word' id='word_1_73' title='bbox 603 1073 725 1136; x_wconf 69' lang='lat' dir='ltr'>apud‘</span> <span class='ocrx_word' id='word_1_74' title='bbox 769 1082 1017 1123; x_wconf 79' lang='lat' dir='ltr'>Ciceronem</span> <span class='ocrx_word' id='word_1_75' title='bbox 1079 1085 1328 1135; x_wconf 85' lang='lat' dir='ltr'>ceterosque</span> <span class='ocrx_word' id='word_1_76' title='bbox 1375 1080 1601 1134; x_wconf 80' lang='lat' dir='ltr'>scriptores</span> <span class='ocrx_word' id='word_1_77' title='bbox 1646 1078 1728 1120; x_wconf 88' lang='lat' dir='ltr'>fre-</span> 
     </span>
     <span class='ocr_line' id='line_1_12' title="bbox 267 1157 1732 1216; baseline -0.002 -15"><span class='ocrx_word' id='word_1_78' title='bbox 267 1160 542 1216; x_wconf 90' lang='lat' dir='ltr'>quentissimo</span> <span class='ocrx_word' id='word_1_79' title='bbox 563 1159 760 1200; x_wconf 89' lang='lat' dir='ltr'>librorum</span> <span class='ocrx_word' id='word_1_80' title='bbox 779 1173 908 1200; x_wconf 86' lang='lat' dir='ltr'>manu</span> <span class='ocrx_word' id='word_1_81' title='bbox 932 1160 1182 1214; x_wconf 84' lang='lat' dir='ltr'>scriptorum</span> <span class='ocrx_word' id='word_1_82' title='bbox 1212 1158 1339 1199; x_wconf 90' lang='lat' dir='ltr'>errori</span> <span class='ocrx_word' id='word_1_83' title='bbox 1355 1157 1623 1199; x_wconf 87' lang='lat' dir='ltr'>tribuendum</span> <span class='ocrx_word' id='word_1_84' title='bbox 1653 1161 1732 1199; x_wconf 85' lang='lat' dir='ltr'>est.</span> 
     </span>
     <span class='ocr_line' id='line_1_13' title="bbox 268 1235 1729 1291; baseline -0.004 -11"><span class='ocrx_word' id='word_1_85' title='bbox 268 1238 465 1280; x_wconf 86' lang='lat' dir='ltr'>Ceterum</span> <span class='ocrx_word' id='word_1_86' title='bbox 489 1237 594 1280; x_wconf 84' lang='lat' dir='ltr'>haec</span> <span class='ocrx_word' id='word_1_87' title='bbox 626 1242 667 1278; x_wconf 93' lang='lat' dir='ltr'>et</span> <span class='ocrx_word' id='word_1_88' title='bbox 698 1238 850 1278; x_wconf 85' lang='lat' dir='ltr'>similia</span> <span class='ocrx_word' id='word_1_89' title='bbox 880 1237 994 1278; x_wconf 90' lang='lat' dir='ltr'>velut</span> <span class='ocrx_word' id='word_1_90' title='bbox 1024 1236 1136 1291; x_wconf 90' lang='lat' dir='ltr'>quod</span> <span class='ocrx_word' id='word_1_91' title='bbox 1167 1235 1278 1290; x_wconf 65' lang='lat'>§84</span> <span class='ocrx_word' id='word_1_92' title='bbox 1310 1249 1335 1276; x_wconf 89' lang='lat' dir='ltr'>a</span> <span class='ocrx_word' id='word_1_93' title='bbox 1366 1235 1452 1278; x_wconf 83' lang='lat' dir='ltr'>Sill.</span> <span class='ocrx_word' id='word_1_94' title='bbox 1484 1240 1599 1276; x_wconf 90' lang='lat' dir='ltr'>recte</span> <span class='ocrx_word' id='word_1_95' title='bbox 1630 1248 1729 1275; x_wconf 89' lang='lat' dir='ltr'>con-</span> 
     </span>
     <span class='ocr_line' id='line_1_14' title="bbox 268 1312 1728 1368; baseline -0.003 -10"><span class='ocrx_word' id='word_1_96' title='bbox 268 1317 414 1358; x_wconf 87' lang='lat' dir='ltr'>stituta</span> <span class='ocrx_word' id='word_1_97' title='bbox 444 1316 496 1357; x_wconf 86' lang='lat' dir='ltr'>ab</span> <span class='ocrx_word' id='word_1_98' title='bbox 527 1315 559 1356; x_wconf 92' lang='grc' dir='ltr'>Ι.</span> <span class='ocrx_word' id='word_1_99' title='bbox 592 1329 615 1356; x_wconf 92' lang='lat' dir='ltr'>e</span> <span class='ocrx_word' id='word_1_100' title='bbox 655 1315 933 1356; x_wconf 86' lang='lat' dir='ltr'>deterioribus</span> <span class='ocrx_word' id='word_1_101' title='bbox 963 1315 1080 1356; x_wconf 86' lang='lat' dir='ltr'>libris</span> <span class='ocrx_word' id='word_1_102' title='bbox 1110 1328 1254 1355; x_wconf 87' lang='lat' dir='ltr'>rursus</span> <span class='ocrx_word' id='word_1_103' title='bbox 1286 1318 1483 1368; x_wconf 86' lang='lat' dir='ltr'>corrupta</span> <span class='ocrx_word' id='word_1_104' title='bbox 1513 1318 1588 1366; x_wconf 87' lang='lat' dir='ltr'>est,</span> <span class='ocrx_word' id='word_1_105' title='bbox 1619 1312 1728 1354; x_wconf 88' lang='lat' dir='ltr'>futu-</span> 
     </span>
     <span class='ocr_line' id='line_1_15' title="bbox 266 1393 1453 1449; baseline -0.003 -12"><span class='ocrx_word' id='word_1_106' title='bbox 266 1410 337 1437; x_wconf 87' lang='lat' dir='ltr'>rus</span> <span class='ocrx_word' id='word_1_107' title='bbox 369 1394 503 1436; x_wconf 80' lang='lat' dir='ltr'>editor</span> <span class='ocrx_word' id='word_1_108' title='bbox 527 1394 739 1449; x_wconf 77' lang='lat' dir='ltr'>respiciet,</span> <span class='ocrx_word' id='word_1_109' title='bbox 773 1407 849 1435; x_wconf 88' lang='lat' dir='ltr'>nos</span> <span class='ocrx_word' id='word_1_110' title='bbox 879 1394 921 1434; x_wconf 90' lang='lat' dir='ltr'>in</span> <span class='ocrx_word' id='word_1_111' title='bbox 951 1399 1166 1446; x_wconf 84' lang='lat' dir='ltr'>posterum</span> <span class='ocrx_word' id='word_1_112' title='bbox 1200 1393 1453 1435; x_wconf 85' lang='lat' dir='ltr'>omittemus.</span> 
     </span>
    </p>
   </div>
   <div class='ocr_carea' id='block_1_7' title="bbox 157 1494 1152 1566">
    <p class='ocr_par' dir='ltr' id='par_1_7' title="bbox 157 1494 1152 1566">
     <span class='ocr_line' id='line_1_16' title="bbox 157 1494 1152 1566; baseline 0.018 -28"><span class='ocrx_word' id='word_1_113' title='bbox 157 1494 238 1540; x_wconf 79' lang='lat'>‘267</span> <span class='ocrx_word' id='word_1_114' title='bbox 843 1511 904 1558; x_wconf 79' lang='lat'>94</span> <span class='ocrx_word' id='word_1_115' title='bbox 920 1532 978 1550; x_wconf 86' lang='lat'><strong><em>=</em></strong></span> <span class='ocrx_word' id='word_1_116' title='bbox 993 1510 1152 1566; x_wconf 77' lang='lat'><strong>25,39.</strong></span> 
     </span>
    </p>
   </div>
   <div class='ocr_carea' id='block_1_8' title="bbox 329 1605 1733 1760">
    <p class='ocr_par' dir='ltr' id='par_1_8' title="bbox 329 1605 1733 1760">
     <span class='ocr_line' id='line_1_17' title="bbox 332 1605 1733 1674; baseline -0.004 -16"><span class='ocrx_word' id='word_1_117' title='bbox 332 1609 523 1674; x_wconf 78' lang='lat' dir='ltr'>pariunt</span> <span class='ocrx_word' id='word_1_118' title='bbox 571 1623 689 1657; x_wconf 88' lang='lat' dir='ltr'>vero</span> <span class='ocrx_word' id='word_1_119' title='bbox 729 1623 839 1657; x_wconf 85' lang='lat' dir='ltr'>cum</span> <span class='ocrx_word' id='word_1_120' title='bbox 873 1607 1048 1657; x_wconf 81' lang='lat' dir='ltr'>florent</span> <span class='ocrx_word' id='word_1_121' title='bbox 1082 1606 1273 1671; x_wconf 84' lang='lat' dir='ltr'>flosque</span> <span class='ocrx_word' id='word_1_122' title='bbox 1307 1605 1390 1655; x_wconf 90' lang='lat' dir='ltr'>ille</span> <span class='ocrx_word' id='word_1_123' title='bbox 1427 1605 1579 1669; x_wconf 81' lang='lat' dir='ltr'>ruptis</span> <span class='ocrx_word' id='word_1_124' title='bbox 1617 1620 1733 1654; x_wconf 86' lang='lat' dir='ltr'>con-</span> 
     </span>
     <span class='ocr_line' id='line_1_18' title="bbox 329 1694 1484 1760; baseline -0.003 -14"><span class='ocrx_word' id='word_1_125' title='bbox 329 1701 424 1746; x_wconf 77' lang='lat' dir='ltr'>stat</span> <span class='ocrx_word' id='word_1_126' title='bbox 459 1694 701 1756; x_wconf 82' lang='lat' dir='ltr'>utriculis3</span> <span class='ocrx_word' id='word_1_127' title='bbox 738 1696 829 1745; x_wconf 84' lang='lat' dir='ltr'>sed</span> <span class='ocrx_word' id='word_1_128' title='bbox 867 1695 1092 1745; x_wconf 76' lang='lat' dir='ltr'>educatio</span> <span class='ocrx_word' id='word_1_129' title='bbox 1129 1695 1177 1743; x_wconf 88' lang='lat' dir='ltr'>in</span> <span class='ocrx_word' id='word_1_130' title='bbox 1212 1709 1358 1760; x_wconf 85' lang='lat' dir='ltr'>pomo</span> <span class='ocrx_word' id='word_1_131' title='bbox 1397 1699 1484 1743; x_wconf 86' lang='lat' dir='ltr'>est.</span> 
     </span>
    </p>
   </div>
   <div class='ocr_carea' id='block_1_9' title="bbox 270 1786 1735 1929">
    <p class='ocr_par' dir='ltr' id='par_1_9' title="bbox 270 1786 1735 1929">
     <span class='ocr_line' id='line_1_19' title="bbox 378 1786 1735 1850; baseline -0.004 -14"><span class='ocrx_word' id='word_1_132' title='bbox 378 1796 684 1850; x_wconf 84' lang='lat' dir='ltr'>Intcrpolatum</span> <span class='ocrx_word' id='word_1_133' title='bbox 714 1794 851 1836; x_wconf 90' lang='lat' dir='ltr'>locum</span> <span class='ocrx_word' id='word_1_134' title='bbox 884 1795 924 1838; x_wconf 77' lang='lat' dir='ltr'>S.</span> <span class='ocrx_word' id='word_1_135' title='bbox 953 1786 984 1836; x_wconf 74' lang='lat'>1&#39;.</span> <span class='ocrx_word' id='word_1_136' title='bbox 1017 1794 1248 1847; x_wconf 82' lang='lat' dir='ltr'>dederunt3</span> <span class='ocrx_word' id='word_1_137' title='bbox 1280 1807 1462 1849; x_wconf 86' lang='lat' dir='ltr'>namque</span> <span class='ocrx_word' id='word_1_138' title='bbox 1486 1791 1653 1834; x_wconf 84' lang='lat' dir='ltr'>codices</span> <span class='ocrx_word' id='word_1_139' title='bbox 1673 1791 1735 1831; x_wconf 87' lang='lat' dir='ltr'>ita</span> 
     </span>
     <span class='ocr_line' id='line_1_20' title="bbox 270 1873 725 1929; baseline -0.004 -14"><span class='ocrx_word' id='word_1_140' title='bbox 270 1875 470 1929; x_wconf 86' lang='lat' dir='ltr'>scriptum</span> <span class='ocrx_word' id='word_1_141' title='bbox 502 1873 725 1914; x_wconf 83' lang='lat' dir='ltr'>exhibent:</span> 
     </span>
    </p>
   </div>
   <div class='ocr_carea' id='block_1_10' title="bbox 272 1950 1736 2317">
    <p class='ocr_par' dir='ltr' id='par_1_10' title="bbox 326 1950 828 1992">
     <span class='ocr_line' id='line_1_21' title="bbox 326 1950 828 1992; baseline -0.002 0"><span class='ocrx_word' id='word_1_142' title='bbox 326 1952 373 1992; x_wconf 87' lang='lat' dir='ltr'>d:</span> <span class='ocrx_word' id='word_1_143' title='bbox 405 1951 593 1992; x_wconf 88' lang='lat' dir='ltr'>utriculis</span> <span class='ocrx_word' id='word_1_144' title='bbox 621 1950 828 1992; x_wconf 86' lang='lat' dir='ltr'>educatio.</span> 
     </span>
    </p>

    <p class='ocr_par' dir='ltr' id='par_1_11' title="bbox 330 2028 890 2072">
     <span class='ocr_line' id='line_1_22' title="bbox 330 2028 890 2072; baseline -0.005 -1"><span class='ocrx_word' id='word_1_145' title='bbox 330 2031 390 2072; x_wconf 73' lang='lat' dir='ltr'>O:</span> <span class='ocrx_word' id='word_1_146' title='bbox 423 2029 612 2069; x_wconf 88' lang='lat' dir='ltr'>utriculis</span> <span class='ocrx_word' id='word_1_147' title='bbox 645 2028 890 2069; x_wconf 85' lang='lat' dir='ltr'>edubitatio.</span> 
     </span>
    </p>

    <p class='ocr_par' dir='ltr' id='par_1_12' title="bbox 272 2106 1736 2317">
     <span class='ocr_line' id='line_1_23' title="bbox 326 2106 1572 2153; baseline -0.005 -5"><span class='ocrx_word' id='word_1_148' title='bbox 326 2120 372 2148; x_wconf 85' lang='lat' dir='ltr'>a:</span> <span class='ocrx_word' id='word_1_149' title='bbox 404 2107 570 2148; x_wconf 88' lang='lat' dir='ltr'>utriculi</span> <span class='ocrx_word' id='word_1_150' title='bbox 601 2106 677 2147; x_wconf 88' lang='lat' dir='ltr'>sed</span> <span class='ocrx_word' id='word_1_151' title='bbox 706 2106 910 2147; x_wconf 84' lang='lat' dir='ltr'>dubitatio</span> <span class='ocrx_word' id='word_1_152' title='bbox 943 2119 1018 2146; x_wconf 88' lang='lat' dir='ltr'>scr.</span> <span class='ocrx_word' id='word_1_153' title='bbox 1052 2109 1228 2146; x_wconf 73' lang='lat' dir='ltr'>ulriculis</span> <span class='ocrx_word' id='word_1_154' title='bbox 1256 2108 1326 2145; x_wconf 84' lang='lat' dir='ltr'>sed</span> <span class='ocrx_word' id='word_1_155' title='bbox 1356 2107 1572 2153; x_wconf 72' lang='lat' dir='ltr'>dubitatw,</span> 
     </span>
     <span class='ocr_line' id='line_1_24' title="bbox 272 2178 1736 2241; baseline -0.004 -16"><span class='ocrx_word' id='word_1_156' title='bbox 272 2184 384 2241; x_wconf 91' lang='lat' dir='ltr'>quod</span> <span class='ocrx_word' id='word_1_157' title='bbox 424 2184 712 2240; x_wconf 83' lang='lat' dir='ltr'>recipiendum</span> <span class='ocrx_word' id='word_1_158' title='bbox 744 2197 838 2225; x_wconf 91' lang='lat' dir='ltr'>esse</span> <span class='ocrx_word' id='word_1_159' title='bbox 875 2183 1159 2238; x_wconf 85' lang='lat' dir='ltr'>Theophrasti</span> <span class='ocrx_word' id='word_1_160' title='bbox 1188 2182 1327 2223; x_wconf 81' lang='lat' dir='ltr'>verbis</span> <span class='ocrx_word' id='word_1_161' title='bbox 1356 2181 1388 2222; x_wconf 93' lang='lat' dir='ltr'>I.</span> <span class='ocrx_word' id='word_1_162' title='bbox 1420 2183 1483 2223; x_wconf 79' lang='lat'>11.</span> <span class='ocrx_word' id='word_1_163' title='bbox 1516 2182 1554 2223; x_wconf 81' lang='lat'>5.</span> <span class='ocrx_word' id='word_1_164' title='bbox 1585 2178 1736 2235; x_wconf 80' lang='grc' dir='ltr'><strong><em>ἥκιστα</em></strong></span> 
     </span>
     <span class='ocr_line' id='line_1_25' title="bbox 274 2261 1385 2317; baseline -0.005 -11"><span class='ocrx_word' id='word_1_165' title='bbox 274 2262 374 2306; x_wconf 68' lang='grc' dir='ltr'>δ’ἂν</span> <span class='ocrx_word' id='word_1_166' title='bbox 406 2263 577 2313; x_wconf 81' lang='grc' dir='ltr'><em>δόξειεν</em></span> <span class='ocrx_word' id='word_1_167' title='bbox 604 2263 658 2304; x_wconf 80' lang='grc' dir='ltr'>τὰ</span> <span class='ocrx_word' id='word_1_168' title='bbox 682 2266 770 2304; x_wconf 78' lang='grc' dir='ltr'>τῶν</span> <span class='ocrx_word' id='word_1_169' title='bbox 797 2262 942 2317; x_wconf 81' lang='grc' dir='ltr'><em>μήλων</em></span> <span class='ocrx_word' id='word_1_170' title='bbox 975 2262 1048 2302; x_wconf 88' lang='lat' dir='ltr'>rel.</span> <span class='ocrx_word' id='word_1_171' title='bbox 1079 2261 1385 2316; x_wconf 87' lang='lat' dir='ltr'>comprobatur.</span> 
     </span>
    </p>
   </div>
   <div class='ocr_carea' id='block_1_11' title="bbox 163 2367 1739 2852">
    <p class='ocr_par' dir='ltr' id='par_1_13' title="bbox 163 2367 1739 2852">
     <span class='ocr_line' id='line_1_26' title="bbox 163 2367 1163 2423; baseline -0.011 0"><span class='ocrx_word' id='word_1_172' title='bbox 163 2378 244 2423; x_wconf 83' lang='lat'>268</span> <span class='ocrx_word' id='word_1_173' title='bbox 849 2370 910 2415; x_wconf 75' lang='lat'>97</span> <span class='ocrx_word' id='word_1_174' title='bbox 930 2389 988 2408; x_wconf 86' lang='lat'>=</span> <span class='ocrx_word' id='word_1_175' title='bbox 1005 2367 1163 2423; x_wconf 81' lang='lat'><strong>25,41.</strong></span> 
     </span>
     <span class='ocr_line' id='line_1_27' title="bbox 338 2464 1739 2532; baseline -0.006 -16"><span class='ocrx_word' id='word_1_176' title='bbox 338 2482 425 2532; x_wconf 81' lang='lat' dir='ltr'>per</span> <span class='ocrx_word' id='word_1_177' title='bbox 468 2482 521 2516; x_wconf 85' lang='lat' dir='ltr'>sc</span> <span class='ocrx_word' id='word_1_178' title='bbox 565 2471 727 2516; x_wconf 80' lang='lat' dir='ltr'>autem</span> <span class='ocrx_word' id='word_1_179' title='bbox 762 2466 945 2515; x_wconf 79' lang='lat' dir='ltr'>tardius</span> <span class='ocrx_word' id='word_1_180' title='bbox 983 2465 1071 2530; x_wconf 88' lang='lat' dir='ltr'>piri</span> <span class='ocrx_word' id='word_1_181' title='bbox 1108 2464 1361 2514; x_wconf 82' lang='lat' dir='ltr'>silvestres</span> <span class='ocrx_word' id='word_1_182' title='bbox 1398 2478 1541 2527; x_wconf 80' lang='lat' dir='ltr'>quam</span> <span class='ocrx_word' id='word_1_183' title='bbox 1578 2467 1739 2511; x_wconf 78' lang='lat' dir='ltr'>cetera</span> 
     </span>
     <span class='ocr_line' id='line_1_28' title="bbox 341 2556 688 2619; baseline -0.006 -15"><span class='ocrx_word' id='word_1_184' title='bbox 341 2556 688 2619; x_wconf 80' lang='lat' dir='ltr'>(germinant).</span> 
     </span>
     <span class='ocr_line' id='line_1_29' title="bbox 383 2634 1739 2697; baseline -0.006 -13"><span class='ocrx_word' id='word_1_185' title='bbox 383 2644 419 2684; x_wconf 87' lang='grc' dir='ltr'>Ε</span> <span class='ocrx_word' id='word_1_186' title='bbox 456 2643 595 2684; x_wconf 80' lang='lat' dir='ltr'>verbis</span> <span class='ocrx_word' id='word_1_187' title='bbox 626 2641 908 2697; x_wconf 84' lang='lat' dir='ltr'>Theophrasti</span> <span class='ocrx_word' id='word_1_188' title='bbox 943 2642 1014 2682; x_wconf 88' lang='lat' dir='ltr'>III.</span> <span class='ocrx_word' id='word_1_189' title='bbox 1052 2641 1091 2682; x_wconf 84' lang='lat'>4.</span> <span class='ocrx_word' id='word_1_190' title='bbox 1131 2641 1169 2683; x_wconf 82' lang='lat'>2.</span> <span class='ocrx_word' id='word_1_191' title='bbox 1202 2638 1339 2696; x_wconf 73' lang='grc' dir='ltr'>ἀχράς</span> <span class='ocrx_word' id='word_1_192' title='bbox 1369 2639 1417 2680; x_wconf 84' lang='grc' dir='ltr'>δὲ</span> <span class='ocrx_word' id='word_1_193' title='bbox 1445 2641 1581 2693; x_wconf 76' lang='grc' dir='ltr'><strong><em>μικρῷ</em></strong></span> <span class='ocrx_word' id='word_1_194' title='bbox 1613 2634 1739 2678; x_wconf 77' lang='grc' dir='ltr'><strong><em>ὕστε-</em></strong></span> 
     </span>
     <span class='ocr_line' id='line_1_30' title="bbox 275 2711 1736 2777; baseline -0.007 -14"><span class='ocrx_word' id='word_1_195' title='bbox 275 2737 354 2777; x_wconf 85' lang='grc' dir='ltr'>ρον</span> <span class='ocrx_word' id='word_1_196' title='bbox 385 2725 457 2775; x_wconf 79' lang='grc' dir='ltr'>τῆς</span> <span class='ocrx_word' id='word_1_197' title='bbox 487 2719 622 2762; x_wconf 74' lang='grc' dir='ltr'><em>ἀπίου</em></span> <span class='ocrx_word' id='word_1_198' title='bbox 659 2711 944 2771; x_wconf 69' lang='grc' dir='ltr'>(βλαστάνει)</span> <span class='ocrx_word' id='word_1_199' title='bbox 986 2733 1063 2759; x_wconf 81' lang='lat' dir='ltr'>sua</span> <span class='ocrx_word' id='word_1_200' title='bbox 1103 2718 1314 2760; x_wconf 86' lang='lat' dir='ltr'>transtulit</span> <span class='ocrx_word' id='word_1_201' title='bbox 1351 2716 1522 2761; x_wconf 74' lang='lat' dir='ltr'>Plinius,</span> <span class='ocrx_word' id='word_1_202' title='bbox 1588 2714 1736 2769; x_wconf 83' lang='lat' dir='ltr'>Itaque</span> 
     </span>
     <span class='ocr_line' id='line_1_31' title="bbox 275 2797 1027 2852; baseline -0.005 -11"><span class='ocrx_word' id='word_1_203' title='bbox 275 2798 543 2841; x_wconf 88' lang='lat' dir='ltr'>scribendum</span> <span class='ocrx_word' id='word_1_204' title='bbox 573 2802 638 2839; x_wconf 83' lang='lat' dir='ltr'>est</span> <span class='ocrx_word' id='word_1_205' title='bbox 665 2807 822 2838; x_wconf 77' lang='lat' dir='ltr'>ceterae</span> <span class='ocrx_word' id='word_1_206' title='bbox 850 2811 907 2838; x_wconf 84' lang='lat' dir='ltr'>sc.</span> <span class='ocrx_word' id='word_1_207' title='bbox 935 2797 1027 2852; x_wconf 87' lang='lat' dir='ltr'>piri.</span> 
     </span>
    </p>
   </div>
  </div>
 </body>
</html>
