1914 3237
720 159 852 201 Liber
881 159 997 201 VII.
1516 155 1594 196 1-27

123 281 297 333 gersius
328 280 475 322 retulit
504 294 737 323 assensum
767 288 926 322 nactus
959 282 1126 324 Heu-tzii
1154 282 1244 336 (De
1272 280 1433 337 Nigidii
1455 277 1595 334 Figuli

120 360 278 400 studiis
309 369 440 415 atque
469 359 635 413 operib.
668 373 707 412 p.
722 357 815 412 43),
846 359 976 400 valde
1005 361 1218 400 incertum
1248 373 1351 401 esse
1382 359 1595 400 videatur.

121 438 221 491 lpse
253 438 365 478 euim
396 436 599 477 Hertzius
637 436 803 476 monuit
845 449 958 491 quae
988 437 1090 478 inde
1121 438 1305 478 Servius
1336 438 1391 478 aa
1420 438 1530 478 Aen.
1559 436 1594 479 Ι.

121 515 212 556 178.
245 515 486 567 exscripsit
513 514 652 567 magis
684 514 739 554 ad
768 515 1003 554 verborum
1035 515 1257 555 notionem
1285 514 1595 568 explicandam

118 595 355 649 pertinere,
387 601 664 648 quapropter
690 593 731 633 in
765 593 972 634 Scriverii
1005 595 1264 635 sententiam
1300 593 1370 648 qui
1404 594 1489 645 „de
1519 607 1595 633 no-

118 674 278 713 minum
315 673 510 713 natura“
545 671 630 726 legi
668 670 823 722 voluit,
863 685 931 713 me
970 671 1181 713 inclinare
1221 670 1377 713 fateor.
1436 670 1596 712 Restat

115 760 163 794 ut
202 752 445 795 seeundum
477 751 578 792 illud
624 752 891 792 enuntiatum
930 752 1144 806 scriptum
1184 752 1356 806 quidem
1396 763 1421 790 a
1459 749 1594 790 Plinio

117 845 220 872 esse
257 831 554 872 concedamus
585 830 712 884 (quis
745 829 857 870 enim
896 838 984 872 tam
1020 830 1294 871 reconditum
1330 829 1593 883 scriptorem

118 919 219 965 post
245 911 361 952 illum
394 910 650 951 adhibuisse
681 909 903 964 putandus
923 910 1039 964 est‘e)
1072 910 1153 950 sed
1183 910 1239 949 ad
1271 908 1459 950 absoluti
1491 922 1594 963 ope-

115 990 177 1031 ris
208 990 450 1044 marginem
482 1003 505 1030 e
537 989 784 1043 posteriore
814 988 1007 1031 lectione
1035 989 1230 1030 additum
1272 996 1314 1030 et
1350 990 1404 1030 ab
1442 989 1493 1030 iis
1521 989 1594 1044 qui

114 1076 217 1123 post
239 1067 434 1109 auctoris
465 1074 647 1106 mortem
670 1066 808 1108 libros
832 1067 976 1108 denuo
996 1068 1186 1108 describi
1215 1077 1435 1118 curarent,
1467 1082 1594 1123 prae-

115 1155 296 1200 postero
334 1145 435 1185 loco
471 1145 514 1185 in
555 1144 697 1197 ipsam
733 1145 972 1185 orationem
1011 1152 1240 1199 receptum
1278 1160 1392 1187 esse.
1454 1148 1594 1188 Vides

115 1226 258 1279 igitur,
287 1223 403 1278 quod
423 1221 642 1276 Bergkius
665 1221 706 1261 in
734 1221 894 1263 ultimis
923 1222 1045 1263 libris
1076 1222 1240 1264 sactum
1275 1238 1377 1266 esse
1412 1226 1594 1266 arbitra-

114 1311 184 1344 tur
216 1300 738 1356 (Exercitt.l'lin.1.p.3),
769 1301 882 1342 idem
913 1301 996 1341 iam
1031 1302 1084 1343 de
1114 1311 1267 1344 nostro
1300 1304 1399 1345 loco
1431 1304 1594 1348 valere.

114 1383 183 1423 Ac
217 1382 370 1422 nescio
401 1393 457 1420 an
490 1379 606 1420 idem
639 1380 693 1420 de
724 1378 856 1434 §.8st
901 1379 1182 1423 iudicandum
1221 1383 1289 1424 sit.
1361 1384 1424 1425 lbi
1464 1385 1593 1434 enim,

115 1473 245 1515 quum
285 1459 369 1500 iam
409 1458 450 1514 §.
472 1457 538 1500 78.
568 1457 788 1498 hominum
833 1459 1055 1500 concretis
1086 1460 1263 1502 ossibus
1293 1463 1593 1516 praeditorum

112 1539 275 1581 mentio
308 1537 428 1580 facta
463 1538 539 1588 sit,
580 1535 681 1579 loco
713 1535 843 1579 valde
874 1537 1124 1592 importuno
1162 1539 1279 1582 haec
1311 1541 1447 1582 verba
1478 1542 1593 1584 inse-

114 1625 292 1659 runtur:

681 1752 812 1799 so:
832 1753 1011 1814 19,18.
1620 1781 1698 1824 153

187 1877 379 1942 Quibus
415 1883 586 1924 natura
622 1882 852 1923 concreta
893 1883 1007 1923 sunt
1044 1893 1178 1938 ossa,
1222 1877 1303 1940 qui
1341 1886 1453 1927 sunt
1492 1880 1591 1929 rari

184 1967 460 2026 admodum,
500 1964 666 2013 cornei
704 1965 1024 2028 appellantur.

228 2089 353 2136 Quae
372 2088 429 2128 ita
446 2092 547 2127 sunt
577 2092 851 2141 comparata,
883 2094 930 2127 ut
955 2101 1099 2142 neque
1130 2102 1258 2143 quem
1281 2088 1427 2131 locum
1451 2105 1591 2134 occu-

113 2174 220 2221 pant
246 2166 477 2207 commode
503 2165 702 2207 obtinere
732 2179 875 2219 neque
906 2166 961 2205 ad
981 2165 1017 2221 ᾗ.
1037 2166 1104 2209 78.
1135 2168 1367 2210 transferri
1400 2173 1589 2224 possint,

114 2245 318 2301 quoniam
358 2245 414 2286 ibi
458 2245 581 2299 prior
617 2251 738 2285 certe
779 2244 988 2285 enuntiati
1036 2259 1142 2300 pars
1190 2247 1431 2290 omittenda
1482 2259 1588 2293 erat.

116 2324 268 2370 Quare
295 2330 370 2364 aut
397 2324 452 2364 ab
483 2324 583 2378 ipso
616 2324 833 2378 scriptore
866 2331 1026 2378 postea
1057 2325 1281 2382 adscripta
1312 2336 1386 2373 aut
1413 2343 1438 2370 a
1459 2329 1589 2372 libra-

114 2402 180 2443 rio
212 2401 401 2455 quodam
423 2409 632 2441 annotata
662 2415 764 2442 esse
796 2402 992 2455 putanda
1022 2412 1133 2445 sunt.
1195 2405 1391 2448 Alterum
1422 2409 1588 2451 idcirco

116 2476 311 2519 fortasse
346 2478 686 2532 praeferendum
716 2480 817 2529 erit,
856 2481 957 2536 quia
987 2481 1101 2523 infra
1129 2483 1292 2529 XXXI.
1325 2487 1414 2528 102.
1445 2489 1588 2541 pisca-

115 2563 256 2598 torum
294 2570 486 2611 corpora
523 2558 563 2598 in
608 2559 858 2601 universum
900 2574 1067 2603 cornea
1098 2564 1392 2619 appellantur.
1458 2565 1493 2621 ᾗ.
1521 2567 1588 2610 81.

113 2635 399 2690 „prodigiosa
416 2637 569 2678 virium
586 2637 847 2691 relatione“‚
877 2645 923 2680 ut
945 2652 1041 2681 cum
1064 2641 1234 2684 cod.R²
1260 2643 1410 2697 legere
1432 2644 1588 2701 malim,

114 2714 308 2757 narratio
340 2714 631 2771 significatur,
660 2728 774 2771 quae
805 2715 935 2759 fidem
962 2720 1183 2763 excedere
1215 2722 1432 2765 videatur.
