1914 3237
774 231 907 274 Liber
932 231 998 274 II
998 261 1008 271 .
1599 232 1650 273 ll

175 364 222 400 ut
248 356 380 412 vulgo
410 356 580 411 legitur.
638 356 766 405 Quae
781 355 903 397 enim
919 356 958 412 ᾗ.
975 354 1046 398 50.
1061 362 1309 405 narrantur,
1339 357 1393 398 iis
1423 354 1651 398 oculorum

177 434 447 491 argumentis
485 442 528 476 et
561 434 692 476 animi
729 434 982 476 coniectura
1012 434 1114 490 quid
1148 433 1351 475 effectum
1383 436 1439 476 sit
1470 436 1650 490 exponi·

176 521 266 562 ειη-ς
300 513 458 555 deinde
476 513 668 565 §.5Lex
686 520 869 576 utroque
893 514 921 556 i.
942 527 980 556 e.
1012 513 1143 554 lunae
1174 511 1372 567 solisque
1405 512 1652 556 defectibus

176 593 361 635 vastitas
389 592 498 635 solis
527 594 736 648 aperitur.
798 593 965 634 Verum
989 591 1196 647 vulgatae
1227 591 1475 645 scripturae
1504 600 1653 646 patro-

176 671 335 713 cinium
377 671 550 713 futurus
587 672 731 713 editor
765 672 962 715 fortasse
1004 670 1237 725 suscipiet:
1280 683 1363 711 nos
1401 670 1500 711 dum
1537 685 1651 726 quae

177 764 202 792 e
231 749 352 792 libris
383 750 493 791 Mss.
527 764 554 792 a
581 750 748 806 Silligio
781 751 956 793 collatis
988 750 1216 792 emendari
1248 749 1443 804 possint,
1483 757 1652 805 pertra-

176 836 369 881 ctamus,
409 829 551 870 obiter
581 836 748 871 tantum
783 830 837 872 de
868 829 922 871 iis
951 828 1062 871 locis
1095 829 1435 884 disputabimus,
1467 830 1538 885 qui
1567 831 1653 872 iam

178 909 233 950 ab
265 908 492 950 Harduino
525 909 719 950 correcti
750 908 966 951 videntur.

786 1044 1056 1106 37:8‚6.

243 1156 403 1223 Quam
448 1166 669 1207 naturam
722 1159 828 1207 eius
879 1157 1058 1225 (solis)
1102 1157 1411 1222 Pythagoras
1457 1157 1652 1206 Samius

242 1247 430 1312 primus
475 1249 801 1314 deprehendit
854 1247 1132 1314 olympiade
1186 1247 1380 1296 circiter
1434 1248 1480 1296 X
1493 1247 1535 1296 L
1547 1249 1572 1297 Ι
1584 1249 1626 1297 Ι.
1639 1288 1653 1310 ,

247 1335 378 1404 [qui
412 1340 531 1388 fuit
569 1340 735 1389 urbis
771 1341 994 1390 Romae
1032 1355 1220 1387 annus
1257 1338 1541 1407 CXLII.]

287 1459 488 1503 Priorem
527 1477 754 1505 numerum
784 1463 904 1505 XLII
947 1469 991 1504 et
1027 1460 1161 1503 multo
1188 1461 1330 1515 magis
1371 1462 1443 1516 qui
1474 1462 1517 1503 in
1555 1463 1654 1506 aliis

178 1538 306 1580 codd.
339 1540 450 1583 Mss.
492 1542 652 1596 legitur
686 1543 855 1584 XXXII
893 1547 1150 1596 corruptum
1191 1553 1295 1582 esse
1338 1540 1568 1583 Broterius
1594 1543 1654 1584 in.

178 1616 344 1660 tellexit
381 1620 584 1676 idemque
621 1623 872 1664 rectissime
915 1619 1165 1662 emendavit
1210 1618 1370 1662 LXII.
1450 1620 1561 1664 Nam
1606 1630 1655 1663 ut

178 1696 477 1752 Pythagoram
511 1708 683 1741 taceam
715 1715 741 1742 a
768 1700 971 1755 Diogene
990 1699 1169 1741 Laertio
1204 1697 1403 1738 V111.45.
1426 1699 1480 1742 ol.
1501 1699 1597 1752 LX,
1628 1715 1655 1741 a

179 1774 405 1819 Clemente
421 1777 724 1820 Alexandrino
755 1779 917 1821 Strom.
939 1779 969 1819 Ι.
993 1778 1061 1818 65.
1093 1776 1152 1819 ol.
1172 1776 1307 1817 LXII.
1339 1790 1424 1832 quo
1454 1784 1655 1834 tempore

177 1857 219 1897 in
248 1857 419 1898 Italiam
448 1858 628 1900 venisse
659 1859 845 1900 traditur
877 1871 903 1898 a
933 1856 1022 1899 Cic.
1055 1857 1109 1897 de
1138 1870 1232 1910 rep.
1254 1855 1305 1895 II.
1333 1855 1409 1906 15,
1441 1858 1495 1899 ab
1518 1858 1655 1901 Euse-

177 1936 249 1978 bio
277 1936 320 1977 in
352 1936 566 1979 chronico
592 1938 647 1980 ol.
664 1938 804 1980 LXV.
832 1937 1053 1991 assignari
1082 1936 1180 1990 ipse
1214 1934 1378 1976 Plinius
1400 1935 1513 1978 infra
1531 1936 1570 1993 §.
1587 1937 1656 1980 81.

178 2014 455 2071 Pherecydis
473 2017 717 2059 auditorem
750 2016 892 2059 fuisse
921 2016 1060 2058 refert
1079 2016 1150 2071 qui
1165 2015 1257 2058 VII.
1271 2014 1365 2058 ⁶250.
1387 2014 1491 2071 Cyri
1510 2025 1656 2060 aetate

177 2097 202 2139 i.
221 2110 258 2139 e.
290 2104 391 2138 ante
415 2095 582 2138 ol.LV.
612 2097 780 2138 vixisse
813 2096 1010 2138 traditur.
1079 2096 1230 2149 Itaque
1259 2093 1380 2135 nihili
1411 2103 1513 2137 sunt
1543 2111 1656 2152 quae

177 2177 232 2217 ab
261 2175 490 2217 Harduino
523 2175 709 2230 aliisque
741 2182 978 2217 tentantur.
1047 2174 1178 2222 Quod
1215 2187 1325 2215 vero
1363 2173 1547 2216 alterum
1581 2190 1657 2218 nu-

176 2269 342 2296 merum
374 2255 604 2296 Broterius
640 2255 683 2295 in
715 2254 916 2296 CCXXII
949 2255 1148 2309 mutavit,
1184 2253 1293 2295 fecit
1330 2253 1374 2294 id
1413 2263 1655 2310 temporum

176 2334 334 2376 rationi
365 2348 494 2389 quam
522 2320 818 2375 criticae¹arti
839 2334 1199 2376 convenientius.
1252 2334 1394 2381 Quum
1413 2334 1534 2376 'enim
1560 2334 1657 2378 libri

176 2414 291 2457 Mss.
326 2421 400 2455 aut
430 2413 588 2455 CXLII
619 2420 694 2454 aut
724 2413 859 2455 CXIII
890 2421 965 2455 aut
998 2413 1140 2455 CXVI
1180 2411 1444 2464 exhibeant,
1481 2414 1525 2454 id
1563 2421 1656 2455 tan-

178 2503 267 2536 tum
306 2492 467 2547 ambigi
504 2507 643 2546 posse
680 2500 1032 2534 consentaneum
1073 2499 1163 2544 est,
1205 2500 1346 2533 utrum
1387 2505 1442 2533 ex
1480 2491 1656 2535 ultimae

178 2573 429 2627 scripturae
455 2572 656 2626 vestigiis
688 2571 825 2613 CXLI
855 2585 910 2612 an
944 2571 1103 2615 CXLII
1133 2574 1417 2616 scribendum
1441 2572 1654 2614 videatur.

177 2653 377 2707 Uterque
406 2658 552 2692 autem
581 2665 789 2692 numerus
827 2659 954 2706 prout
990 2653 1044 2694 de
1075 2653 1248 2694 aestiva
1277 2652 1522 2694 hibernave
1552 2653 1656 2694 anni

179 2730 394 2786 Olympici
429 2740 556 2784 parte
595 2730 862 2785 cogitaveris
904 2731 1143 2787 olympiadi
1178 2731 1314 2775 XLII.
1367 2732 1546 2787 egregie
1585 2744 1655 2773 re-

180 2810 382 2863 spondet.
442 2811 573 2852 lanus
604 2811 718 2852 enim
741 2811 841 2852 dum
862 2811 904 2851 in
933 2811 1072 2853 diurn.
1090 2810 1221 2866 antiq.
1242 2809 1364 2851 1834.
1388 2826 1432 2866 p.
1447 2810 1546 2855 491.
1579 2825 1655 2851 an-

180 2902 263 2930 nus
284 2888 494 2932 CXLVI.
511 2889 747 2946 legendum
777 2891 986 2944 proponit
1015 2890 1056 2932 in
1088 2890 1329 2946 proclivem
1359 2903 1557 2932 errorem
1587 2890 1655 2931 in-

1680 1065 1732 1106 10
