1914 3237
252 177 335 220 108
851 179 971 219 Liber
998 178 1121 218 ᾸΧΙ.

363 308 513 350 eodem
551 308 680 350 verbo
723 309 764 349 in
795 322 839 350 re
887 309 1012 350 simili
1056 322 1158 350 usus
1187 307 1306 348 XIII.
1338 308 1404 361 42,
1462 307 1600 348 XVII.
1627 307 1714 350 149.

253 389 290 442 §.
323 388 376 431 66
406 400 499 429 cum
531 387 622 428 cod.
641 387 689 427 R.
722 391 913 428 coronari
943 386 1169 442 legendum
1199 390 1276 427 est.

145 512 225 556 459
649 499 964 555 67:11‚39.
1006 497 1095 555 (de
1133 495 1332 560 potho).

319 592 415 640 duo
453 606 637 655 genera
673 590 840 640 huius:
897 605 1044 639 unum
1082 590 1158 638 cui
1195 589 1285 639 flos
1334 589 1582 653 hyacinthi
1619 594 1717 652 θείς

317 678 453 728 alteri
492 679 732 728 candidus
772 679 853 742 qui
889 677 988 726 fere
1027 677 1240 726 nascitur
1275 678 1319 726 in
1351 677 1561 735 tumulis,
1597 692 1719 741 quo-

321 767 444 815 niam
481 766 651 815 fortius
690 767 842 815 durat.

363 855 496 896 Recte
528 855 655 895 Ianus
687 867 710 894 e
741 853 860 895 codd.
893 857 993 893 alter
1023 853 1204 907 scripsit,
1248 852 1309 893 ita
1338 852 1449 893 enim
1474 850 1719 906 Theophra-

255 938 343 974 stus
358 931 429 974 VI.
455 933 492 974 8.
519 932 543 974 3
576 932 761 987 loquitur
792 930 814 974 ὃ
854 932 903 973 δὲ
930 930 1076 986 ἕτερος
1106 930 1267 987 ἄχρους
1295 929 1445 978 λευκός
1478 943 1535 970 sc.
1553 928 1718 984 pothos.

254 1011 389 1052 Acute
419 1009 531 1050 idem
561 1023 650 1052 voc.
682 1014 720 1050 in
752 1009 927 1062 delevit,
975 1008 1162 1049 faciliore
1202 1013 1345 1049 tamen
1388 1012 1430 1048 et
1476 1007 1591 1048 verbi
1638 1020 1719 1063 quo

253 1087 567 1143 Theophrastus
599 1087 729 1128 utitur
758 1091 948 1143 χρῶνται
980 1086 1178 1127 similiore
1209 1086 1451 1127 coniectura
1477 1089 1653 1127 noscitur
1683 1089 1721 1126 in

256 1168 364 1221 lego,
411 1179 492 1221 quo
524 1178 652 1207 sensu
682 1165 792 1206 infra
821 1165 857 1220 §.
887 1164 940 1208 92
980 1168 1111 1205 urtica
1154 1167 1324 1204 maxime
1352 1167 1530 1205 noscitur
1567 1162 1719 1218 reperi-

254 1252 321 1286 tur
350 1244 476 1300 idque
507 1257 556 1285 eo
588 1243 882 1295 confidentius,
928 1242 1040 1298 quod
1069 1242 1126 1283 ibi
1159 1254 1325 1297 quoque
1355 1240 1447 1282 cod.
1478 1240 1516 1281 V
1544 1245 1722 1281 nascitur

145 1320 226 1362 460
256 1322 396 1363 habet.
435 1322 472 1376 ξ.
501 1321 554 1364 68
583 1321 798 1376 vulgatam
831 1324 950 1361 liniae
980 1324 1220 1374 corruptum
1251 1332 1344 1359 esse
1371 1319 1570 1360 librorum
1601 1317 1719 1359 MSS.

253 1401 434 1441 lectione
463 1404 568 1440 liliae
600 1397 918 1454 comprobatur:
952 1397 1178 1453 legendum
1209 1401 1273 1438 est
1308 1401 1499 1450 laureae;
1527 1396 1721 1437 chamae-

255 1478 445 1533 daphnes
476 1478 588 1520 enim
617 1477 718 1518 folia
747 1490 841 1517 cum
871 1475 988 1517 lauro
1021 1479 1316 1530 comparantur
1345 1474 1503 1517 XXIV.
1536 1474 1629 1517 132.

146 1596 225 1638 461
403 1640 405 1643 f
829 1575 1143 1631 79:14Afi.

327 1662 405 1721 (In
466 1663 630 1720 Creta)
692 1675 831 1710 mons
891 1665 965 1710 est
1018 1660 1186 1710 Carma
1223 1658 1351 1708 VlIll
1392 1658 1435 1707 M
1493 1673 1720 1724 passuum

321 1751 515 1800 ambitu.

369 1842 512 1880 Corma
542 1837 581 1878 R
602 1837 629 1878 d
662 1839 808 1877 Car-ma
842 1835 948 1888 ΘΥ,
979 1835 1091 1890 quod
1122 1836 1249 1876 Ianus
1279 1834 1483 1889 probavit.
1536 1834 1594 1874 At
1624 1845 1724 1875 vero

258 1918 384 1959 talcm
416 1920 602 1957 montem
643 1928 823 1970 eumque
854 1913 1159 1968 amplissimum
1191 1912 1361 1954 aliunde
1403 1926 1487 1953 non
1518 1911 1724 1963 novimus,

258 1996 298 2036 in
330 1994 522 2036 orientali
558 1997 678 2048 parte
719 2006 742 2032 e
783 1991 1026 2032 Ptolemaeo
1058 1991 1131 2031 III.
1171 1993 1227 2032 17.
1258 1991 1283 2033 5
1322 1996 1364 2031 et
1396 1989 1611 2045 Stephano
1640 1988 1725 2043 By-

259 2074 398 2114 zantio
430 2072 578 2113 urbem
610 2070 847 2122 camaram,
878 2069 921 2109 in
953 2068 1208 2124 Geoponicis
1238 2068 1329 2109 XV.
1348 2069 1372 2112 7
1397 2073 1582 2109 montem
1602 2065 1726 2107 melle

259 2151 441 2192 nobilem
473 2162 652 2204 eumque
692 2147 772 2188 alio
812 2146 935 2188 modo
977 2144 1354 2202 ἄκραμαμμωρίον
1391 2148 1633 2199 corruptum
1664 2143 1725 2184 in-

260 2229 465 2270 venimus.
497 2225 744 2281 Legendum
766 2230 829 2266 est
858 2225 1005 2279 igitur:

315 2320 421 2347 mons
453 2313 510 2346 est
543 2308 716 2346 Camara

374 2382 629 2425 Chersonesi
658 2385 704 2421 ut
733 2379 898 2420 videtur
927 2379 1100 2420 vicinus.

332 2546 490 2596 Alvos
529 2547 736 2611 optimas
773 2562 798 2594 e
839 2544 1032 2602 cortice,
1071 2544 1316 2592 secundas
1353 2541 1527 2599 ferula,
1564 2541 1729 2590 tertias

334 2635 521 2691 vimine,
562 2634 692 2682 multi
732 2638 779 2682 et
815 2649 841 2681 e
877 2630 1121 2697 speculari
1158 2629 1319 2695 lapide
1356 2629 1518 2677 secere
1556 2634 1646 2677 etc.

375 2724 440 2763 Ita
471 2722 511 2762 S.
537 2723 565 2762 I.
599 2735 620 2762 e
651 2720 852 2762 Gronovii
883 2719 1143 2760 coniectura:
1185 2723 1228 2759 at
1255 2716 1441 2772 perfecto
1472 2716 1513 2756 in
1546 2715 1730 2770 descrip-

267 2802 382 2846 tione
411 2799 600 2842 alvorum
630 2799 746 2839 locus
775 2811 858 2839 non
890 2800 968 2849 est,
999 2810 1094 2838 cum
1126 2795 1232 2837 bene
1269 2794 1320 2835 de
1350 2793 1474 2834 rebus
1508 2798 1732 2849 usurpetur

1904 1662 1909 1790 ἒ

1906 1839 1909 1851 .
