1914 3237
168 2041 223 2082 ἴω

259 125 337 166 122
848 121 979 164 Liber
1010 121 1125 166 VII.

321 244 563 309 Eutychis
602 260 628 292 a
656 245 751 293 XX
782 245 916 294 libris
952 263 1071 311 rogo
1108 245 1237 293 illata
1275 243 1539 305 TrallibuS,
1583 244 1727 293 enixa

321 335 465 385 XXX
495 342 679 399 partus.
748 337 956 402 Alcippe
993 337 1319 401 elephantum,
1351 351 1638 399 quamquam
1676 334 1723 381 id

322 426 448 473 inter
484 432 674 475 ostenta
711 435 810 477 est:
850 445 1057 493 namque
1087 433 1167 475 rel.

362 543 575 597 Alcippes
607 542 735 596 illius,
765 557 892 598 quam
925 544 1202 598 Glaucippen
1235 556 1260 583 a
1288 542 1472 583 Tatiano
1505 555 1540 583 c.
1564 542 1724 582 Graec.

250 620 315 663 53.
336 623 479 677 p.ll5.
503 623 569 663 ed.
588 622 760 663 worth.
790 623 1007 677 appellari
1038 624 1092 664 ab
1113 622 1336 664 llarduino
1369 621 1723 662 animadversum

251 709 341 752 est,
393 701 562 755 efligies
603 714 628 741 a
668 700 876 742 Nicerato
918 700 1179 742 Atheniensi
1220 700 1449 741 elaborata
1487 699 1600 740 inter
1645 712 1723 739 eas

250 787 423 821 statuas
453 778 591 819 fuisse
628 778 822 831 putanda
855 785 944 829 est,
986 792 1099 832 quas
1132 792 1156 819 e
1188 777 1304 818 bello
1336 776 1634 817 Mithridatico
1666 790 1723 817 ex

249 858 358 898 Asia
384 857 618 909 Pompeius
648 855 834 896 Romam
867 861 1263 909 transportaverat,
1300 854 1417 907 qnod
1446 853 1515 894 vel
1546 854 1721 895 Graeco

251 935 423 975 nomine
455 932 682 987 probabile
714 932 772 972 fit.
839 932 951 973 Rem
990 946 1100 973 sane
1135 932 1348 973 Romanis
1379 931 1620 982 insolitam,
1658 931 1721 971 lu-

248 1011 413 1053 xuriosi
443 1025 551 1053 vero
581 1011 848 1051 Asianorum
891 1010 1053 1063 ingenii
1095 1009 1267 1050 minime
1305 1010 1525 1063 indignam
1565 1009 1664 1049 dnm
1696 1023 1720 1050 e

248 1093 344 1134 basi
365 1099 538 1134 statuae
561 1097 713 1131 narrat
738 1088 914 1142 Plinius,
945 1096 1163 1130 ostentum
1193 1088 1333 1129 videri
1364 1086 1561 1141 intelligit
1589 1094 1720 1141 atque

248 1171 303 1211 ad
344 1184 396 1211 ea
435 1169 822 1210 commemoranda
860 1183 910 1210 se
949 1169 1177 1209 convertit.
1243 1167 1445 1222 Apparet
1483 1175 1720 1220 praeterea

248 1249 595 1304 interpunctione
625 1255 831 1289 correcta
853 1257 894 1288 et
922 1248 1018 1288 voci
1035 1247 1378 1301 „elephantum“
1393 1247 1574 1287 verbum
1593 1245 1718 1286 reddi

247 1330 363 1369 unde
396 1328 610 1381 pendeat,
653 1333 695 1367 et
733 1339 891 1366 novum
934 1326 1005 1379 qni
1036 1325 1235 1379 sequitur
1266 1324 1413 1365 locum
1447 1325 1501 1365 de
1533 1324 1718 1366 ostentis

248 1409 411 1450 rectius
445 1406 661 1459 distingui.
721 1405 1011 1446 Seribendnm
1045 1411 1113 1445 est
1144 1404 1295 1457 igitur:

305 1509 358 1516 —
390 1485 505 1523 inter
534 1498 642 1541 quas
672 1483 827 1539 quilur
852 1480 1085 1536 Eutychis,
1123 1497 1148 1520 a
1178 1480 1317 1520 XXI.
1341 1495 1375 1521 r.
1405 1479 1527 1519 illata
1561 1478 1717 1518 Tralli-

304 1563 393 1613 bus,
434 1563 565 1602 enixa
608 1561 746 1601 XXX
776 1566 952 1616 partus,
993 1559 1170 1615 Alcippe
1207 1558 1492 1615 elephantum.
1555 1557 1716 1613 Quam-

303 1657 431 1700 quam
463 1640 541 1681 rel.

361 1743 567 1784 Ceterum
598 1740 794 1781 fortasse
829 1738 958 1779 etiam
992 1736 1140 1777 tabula
1169 1737 1290 1790 pieta
1320 1749 1406 1791 qua
1438 1735 1576 1776 Perus
1608 1749 1717 1791 erga

247 1829 415 1877 patrem
444 1821 585 1874 pietas
619 1818 934 1859 celebrabatur
970 1816 1054 1869 (ef.
1080 1816 1228 1857 valer.
1247 1815 1366 1857 Max.
1387 1814 1440 1856 V.
1459 1815 1498 1856 4.
1531 1822 1618 1857 ext.
1651 1817 1715 1870 1),

249 1903 403 1944 eodem
435 1901 533 1942 loco
564 1897 779 1940 collocata
809 1896 898 1938 suit.

854 2019 1042 2080 37=4‚
1057 2020 1100 2066 3.

312 2141 427 2203 lpse
465 2137 513 2185 in
532 2135 700 2184 Africa
733 2133 830 2183 vidi
868 2139 1101 2181 mutatum
1139 2131 1186 2178 in
1224 2147 1404 2178 marem
1441 2130 1712 2193 nuptiarmn

314 2229 391 2276 die
439 2229 498 2275 L.
547 2225 821 2275 Cossicium
868 2223 1021 2273 civem
1069 2222 1471 2287 Thysdritanum.
1549 2221 1712 2269 Editis

313 2317 516 2383 geminis
553 2332 711 2363 raram
754 2332 864 2362 esse
904 2322 986 2362 aut
1018 2329 1293 2378 puerperae
1330 2320 1411 2359 aut
1446 2311 1712 2376 puerperio

315 2413 653 2472 praeterquam
677 2404 813 2452 alteri
844 2404 1013 2462 vitam3
1052 2402 1092 2450 si
1123 2419 1239 2451 vero
1278 2401 1532 2465 utriusque
1564 2419 1713 2449 sexus

314 2497 431 2544 editi
475 2496 569 2542 sint
605 2493 781 2558 gemini
824 2493 1059 2540 rariorem
1101 2492 1295 2556 utrique
1328 2493 1548 2538 salutern.
1617 2490 1712 2536 Fe—

315 2586 465 2633 minas
498 2584 707 2632 celerius
746 2583 875 2647 gigni
916 2599 1056 2647 quam
1097 2597 1280 2641 mares,
1325 2579 1466 2628 sicuti
1504 2579 1712 2627 celerius

315 2690 604 2733 senescer03
647 2672 843 2736 saepius
887 2672 935 2719 in
971 2680 1111 2720 utero
1150 2670 1333 2719 moveri
1370 2684 1528 2717 mares
1573 2677 1622 2716 ct
1664 2669 1713 2716 in

317 2765 522 2815 dextera
557 2764 662 2812 sere
697 2761 800 2826 geri
837 2767 1002 2826 parte,
1038 2760 1086 2809 in
1122 2761 1258 2809 laeva
1292 2758 1513 2806 seminas.

847 2950 866 2962 A
