1914 3237
713 109 846 152 Liber
870 110 899 153 1
906 109 958 154 V.
1515 107 1573 153 63

101 234 277 278 tandem
308 247 446 277 causa
474 233 571 283 fuit,
602 238 650 274 ut
675 232 867 286 repetito
897 233 1054 274 eodem
1082 231 1304 275 vocabulo
1336 232 1479 274 denuo
1510 231 1570 273 le-

101 314 306 369 gentibus
335 310 609 355 inculcaret?
668 309 955 365 Quapropter
983 323 1008 351 e
1036 324 1171 352 versu
1199 311 1432 365 superiore
1457 311 1570 355 male

99 392 170 433 hic
200 393 411 434 insertum
439 403 543 432 esse
581 403 634 430 eo
668 387 964 430 confidentius
993 389 1208 438 arbitror,
1248 391 1452 443 quoniam
1482 405 1571 433 non

100 471 256 512 eodem
285 469 387 511 loco
419 470 461 510 in
493 470 694 510 omnibus
721 467 842 509 libris
879 468 1069 521 positum
1097 467 1331 521 reperitur.
1402 470 1572 517 Quodsi

98 557 244 590 tamen
277 549 346 589 cui
375 548 649 590 retinendum
684 562 739 588 ex
766 547 913 602 aliqua
944 554 1064 588 certe
1097 553 1226 599 parte
1254 547 1442 602 videtur,
1474 564 1571 592 cum

97 626 267 669 Dicuilo
289 626 433 668 malim
465 627 664 668 scribere
692 628 833 682 primu
860 623 1178 668 inGern-nania.
1221 625 1312 666 Sed
1333 627 1473 669 satius
1492 630 1574 671 erit

98 707 273 748 omnino
306 706 466 747 eiicere
498 705 761 760 praesertim
792 705 836 745 in
864 711 987 745 tanta
1016 704 1129 745 silva
1159 717 1359 746 errorum
1390 719 1414 747 e
1447 707 1570 749 ditto-

97 785 284 841 graphia
313 793 521 827 ortorum.
590 783 738 826 Veluti
767 784 809 825 in
838 783 989 825 verbis

164 888 245 935 97.
286 886 497 952 Quidam
533 886 655 935 haec
691 885 898 934 habitari
921 914 988 922 —
1012 901 1039 933 a
1060 885 1314 949 SarmatiS‚
1336 887 1572 952 VenediS,
1596 891 1652 933 84

164 977 346 1026 Scirris
381 976 595 1025 Hirris
628 978 826 1026 tradunt
859 1005 927 1013 —-

95 1066 345 1107 rectissime
382 1066 635 1107 Hal-duinus
677 1067 867 1109 coniecit
902 1066 1085 1116 Hirros‚
1124 1066 1346 1109 nationem
1387 1083 1574 1123 prorsus

94 1145 304 1199 ignotam,
335 1158 363 1185 a
394 1144 532 1186 Sciris
564 1153 729 1187 temere
762 1146 962 1200 repetitis
993 1145 1205 1199 originem
1239 1146 1436 1189 duxisse.
1483 1150 1575 1192 Ab·

95 1230 197 1265 sunt
229 1223 342 1265 enim
374 1236 401 1264 a
430 1224 542 1265 libro
565 1224 739 1279 Dieuili‚
768 1238 896 1279 quem
917 1238 940 1265 e
959 1215 1158 1265 Pliniano
1190 1239 1329 1279 opere
1360 1240 1442 1269 sua
1469 1228 1574 1271 hau-

96 1303 212 1344 sisse
243 1309 432 1351 constat,
466 1303 507 1344 in
539 1303 769 1344 codicibus
801 1311 944 1344 autem
975 1305 1035 1344 ita
1066 1305 1347 1346 scribuntur:

150 1381 192 1422 R
223 1379 336 1422 Ciris
365 1381 530 1436 Hyrys‚
558 1381 601 1423 A
630 1380 768 1424 Sciris
797 1382 965 1436 Hirris‚
999 1383 1096 1424 cod.
1126 1382 1392 1439 Luciliburg.
1424 1383 1574 1442 Scyris

149 1460 278 1501 Hiris
291 1463 362 1511 ξ),
396 1461 422 1501 d
455 1459 581 1516 Cyris
612 1461 765 1516 Hyris,

93 1553 277 1596 quarum
305 1538 544 1581 lectionum
575 1539 724 1581 ultima
750 1545 838 1580 tam
868 1536 1103 1580 manifesto
1133 1539 1440 1593 repetitionem
1472 1557 1573 1597 pro-

94 1619 184 1673 dit,
227 1625 276 1660 ut
318 1618 464 1660 nullus
514 1618 609 1660 fere
655 1617 911 1659 dubitationi
957 1616 1085 1659 locus
1134 1617 1314 1659 relictus
1364 1634 1467 1662 esse
1510 1622 1572 1663 vi-

97 1699 265 1740 deatur.
323 1697 442 1738 Idem
472 1697 591 1739 valet
625 1698 678 1738 de
708 1696 939 1737 vocabulis
969 1713 1150 1758 quorum
1182 1697 1347 1739 Cimbri
1373 1698 1441 1740 vel
1468 1715 1571 1761 quo-

95 1792 192 1817 rum
220 1790 323 1832 pars
356 1774 520 1816 Cimbri
555 1775 703 1831 §.10st
749 1789 772 1816 e
809 1789 942 1816 versu
973 1777 1206 1830 superiore
1242 1781 1570 1835 transsumptis,

94 1856 210 1912 qnod
238 1856 322 1895 iam
354 1854 409 1895 ab
440 1853 536 1895 aliis
566 1854 920 1895 animadversum
950 1860 1032 1908 est,
1063 1855 1178 1895 idem
1211 1856 1339 1896 etiam
1375 1858 1429 1898 de
1449 1857 1570 1900 Cari·

92 1937 160 1978 nis
178 1934 412 1978 dicendum
434 1932 515 1973 erit
535 1932 648 1973 inter
659 1933 876 1975 Vandilos
894 1934 1148 1978 nominatis.
1175 1935 1242 1976 En
1262 1935 1388 1978 Plinii
1414 1939 1569 1983 verba:

160 2038 242 2085 99.
296 2034 491 2085 Vandili
525 2051 732 2099 quorum
769 2053 884 2101 pars
931 2037 1335 2102 Burgundiones,
1380 2039 1567 2104 Varini,
1591 2057 1648 2099 85

159 2127 395 2188 Carini,
435 2126 679 2176 Gutones.

200 2217 398 2259 Varinos
429 2216 611 2258 Tacitus
643 2217 789 2260 Germ.
819 2215 887 2260 40.
923 2225 1265 2270 commemorat,
1305 2222 1488 2265 eosdem
1524 2235 1568 2266 et

89 2296 282 2351 reliquos
312 2302 492 2352 praeter
524 2295 714 2338 Carinos
743 2309 896 2337 omnes
928 2296 1208 2340 Ptolemaeus
1237 2299 1306 2342 111.
1321 2299 1360 2343 5.
1377 2301 1441 2342 20.
1483 2302 1567 2345 Ca-

89 2375 170 2416 rini
197 2388 413 2429 nusquam
441 2375 736 2417 inveniuntur.
794 2356 914 2417 Libri
944 2375 1055 2418 Mss.
1086 2378 1147 2419 ita
1178 2379 1375 2421 variant:

145 2454 187 2495 A
208 2454 253 2495 V
252 2454 409 2493 arinne
431 2452 629 2506 Charini,
654 2456 680 2496 d
702 2455 751 2496 V
746 2455 903 2496 ariane
923 2453 1091 2511 Carini,
1114 2456 1156 2498 R
1179 2457 1227 2498 V
1223 2459 1348 2499 arine
1365 2457 1565 2515 Charini,

143 2533 328 2574 Lucilib.
358 2533 528 2574 Variae
560 2532 727 2576 Carini.

179 2711 218 2755 ²¹³)
266 2712 325 2747 Cf.
349 2712 481 2746 Waitz.
508 2713 543 2746 in
571 2713 709 2746 Philol.
734 2712 811 2747 vll.
839 2725 874 2756 p.
896 2715 976 2754 571,
1005 2713 1065 2758 qui
1094 2713 1128 2758 §.
1149 2717 1206 2749 96.
1231 2727 1251 2749 e
1278 2728 1345 2751 suo
1377 2718 1502 2752 codice
1527 2723 1562 2753 et

88 2770 115 2802 Α
143 2770 372 2804 scribendum
400 2782 481 2805 esse
507 2770 650 2806 monuit
673 2771 910 2804 Scadinavia.
