1914 3237
136 262 215 305 135

242 131 321 174 108
846 129 978 172 Liber
1008 131 1052 173 V
1050 130 1092 174 Ι.

785 254 882 303 140
903 276 956 298 =
974 255 1170 304 ibidem.

305 367 500 415 Charax
531 365 762 431 oppidum
788 367 982 416 Persici
1025 369 1159 417 sinus
1190 367 1409 415 intimum
1439 373 1617 430 (§.138)

303 457 449 506 Prius
479 457 569 505 fuit
599 473 626 504 a
659 457 801 506 litore
833 459 988 507 stadia
1012 460 1059 508 X
1083 458 1374 507 maritimum
1412 487 1478 494 —
1510 465 1567 506 et
1595 457 1709 505 iam

301 548 609 613 Vipsanda
645 548 864 613 porticus
902 550 1061 610 habet,
1088 578 1155 585 —-
1186 549 1309 597 Iuba
1327 566 1444 598 vero
1469 549 1709 614 prodente

299 638 344 687 L
360 639 409 687 M
426 656 500 703 p.3
531 655 658 687 nunc
680 640 852 687 abesse
877 655 904 686 a
924 639 1068 686 litore
1085 639 1223 687 CXX
1241 640 1293 687 M
1323 640 1468 704 legati
1492 640 1709 688 Arabum

299 729 552 793 nostrique
572 729 917 793 negotiatores,
955 728 1037 793 qui
1066 729 1179 777 inde
1215 746 1412 791 venere,
1452 729 1708 777 affirmant.

300 819 406 867 Nec
443 820 538 867 ulla
567 826 706 883 parte
742 819 852 883 plus
891 825 972 866 aut
1003 818 1213 866 celerius
1252 819 1510 882 profecere
1546 825 1707 865 terrae

298 908 576 957 fluminibus
613 909 835 958 invectae
876 907 1087 967 maris;
1133 907 1183 955 id
1220 907 1396 956 mirum
1434 913 1510 955 est
1545 911 1626 954 rel.

345 1042 541 1096 Silligius
583 1040 837 1095 „locum,“
889 1041 1050 1096 inquit,
1101 1041 1243 1091 „sine
1279 1040 1530 1083 melioribus
1580 1040 1707 1083 codd.

230 1135 465 1177 numquam
506 1121 825 1162 restituendum
866 1119 1025 1170 talem,
1075 1119 1248 1175 qualem
1295 1120 1390 1160 libri
1438 1119 1577 1161 nostri
1626 1133 1707 1160 ex-

229 1202 400 1251 hibent,
440 1206 693 1254 corruptum
725 1198 923 1250 exhibui,
965 1212 1061 1239 cum
1093 1199 1449 1241 coniecturarum
1482 1211 1596 1254 quae
1626 1198 1705 1239 hu-

231 1293 398 1334 cusque
428 1277 627 1333 prolatae
660 1284 762 1318 sunt
801 1277 922 1318 nulla
955 1277 1256 1319 satisfaciat.“
1325 1277 1467 1318 Recte
1502 1275 1573 1317 ille
1613 1276 1706 1331 qui-

232 1360 329 1401 dem
359 1359 412 1399 de
439 1357 703 1398 coniecturis
733 1356 960 1397 iudicavit:
994 1369 1094 1397 nam
1123 1356 1270 1397 adhuc
1293 1355 1499 1397 VV.DD.
1529 1355 1705 1410 ingenio

229 1446 275 1481 ut
307 1438 352 1479 fit
376 1438 507 1479 'abusi
540 1450 566 1477 a
599 1436 727 1476 codd.
759 1435 868 1477 Mss.
906 1435 1105 1491 vestigiis
1142 1436 1295 1477 mirum
1337 1441 1545 1490 quantum
1577 1447 1704 1489 prae-

228 1526 297 1559 ter
330 1516 463 1557 ullam
502 1515 814 1556 necessitatem
846 1522 1156 1556 recesserunt:
1199 1514 1253 1555 de
1292 1513 1414 1555 libris
1452 1527 1560 1554 vero
1587 1513 1701 1554 Mss.

230 1604 272 1637 et
302 1595 372 1636 hic
402 1601 444 1636 et
479 1607 617 1647 saepe
658 1593 844 1647 iniquius
880 1594 1019 1635 sensit
1062 1593 1128 1634 vir
1160 1592 1535 1647 diligentissimus.
1591 1590 1705 1632 Nam

230 1675 310 1717 etsi
342 1681 506 1715 tantum
540 1673 694 1713 absum
727 1678 772 1712 ut
805 1672 875 1713 vel
910 1672 1120 1726 optimum
1150 1671 1192 1712 A
1231 1671 1329 1712 libri
1359 1670 1705 1725 Bambergensis

228 1753 529 1808 praestantiae
557 1765 709 1806 parem
740 1764 843 1792 esse
881 1750 1041 1801 dicam,
1078 1756 1124 1790 ut
1153 1749 1310 1792 nullius
1341 1748 1437 1792 fere
1472 1749 1705 1805 scriptoris

229 1832 392 1874 veteris
426 1830 608 1873 codices
649 1836 711 1871 tot
746 1829 916 1870 mendis
947 1828 1162 1883 inquinari
1200 1842 1329 1883 quam
1364 1829 1543 1870 Plinium
1576 1828 1705 1883 profi-

229 1919 350 1952 tear:
384 1908 598 1964 permulta
629 1916 773 1950 tamen
804 1908 863 1948 ita
892 1920 993 1948 esse
1026 1915 1285 1960 comparata
1318 1908 1537 1958 existimo,
1567 1914 1614 1947 ut
1643 1905 1704 1948 le-

227 1991 358 2031 nibus
388 1988 594 2031 remediis
631 2001 685 2028 ex
726 1986 835 2041 ipsis
872 1985 1036 2026 nostris
1068 1985 1295 2026 codicibus
1337 1985 1485 2026 sanari
1518 1985 1703 2039 possint.

229 2068 375 2123 Atque
412 2066 483 2107 hic
523 2065 668 2116 locus,
714 2066 767 2106 de
806 2078 892 2119 quo
928 2077 1031 2105 sese
1068 2063 1311 2117 desperare
1353 2062 1516 2105 fatetur
1556 2063 1607 2107 V.
1635 2064 1704 2114 D.‚

230 2160 314 2188 nna
342 2145 530 2187 litterula
560 2150 724 2184 mutata
753 2150 839 2183 tam
860 2143 1086 2184 evidenter
1109 2141 1427 2193 emendabitur,
1459 2150 1505 2183 ut
1536 2156 1590 2183 ne
1621 2142 1704 2196 ipsi

229 2226 402 2280 quidem
414 2222 579 2277 Silligio
598 2221 713 2262 dubii
729 2221 959 2277 quidquam
976 2221 1176 2262 relictum
1197 2220 1293 2261 fore
1312 2220 1542 2262 confidam.
1566 2222 1704 2262 Miras

229 2317 337 2345 sane
359 2303 440 2343 viri
461 2302 577 2342 docti
599 2299 815 2341 lectiones
836 2300 1062 2341 exhibent:
1092 2298 1193 2339 inde
1213 2298 1564 2354 pseudoporticus
1580 2298 1706 2340 habet

232 2382 442 2424 Gelenius
455 2388 497 2422 et
507 2380 767 2433 Frobenius,
777 2379 905 2419 etiam
914 2377 1112 2434 Ipsamla
1121 2384 1291 2434 portum
1301 2376 1451 2418 habuit
1461 2379 1704 2428 mutianus,

231 2461 321 2516 ipsa
347 2465 435 2499 tum
462 2464 635 2515 portum
654 2457 805 2498 habuit
835 2457 905 2498 vel
935 2457 1020 2497 iam
1047 2456 1149 2497 inde
1179 2459 1269 2514 ipsa
1283 2464 1454 2513 portum
1473 2456 1600 2497 habet
1616 2456 1704 2497 Da·

231 2538 489 2592 lecampius,
520 2537 610 2593 ipsa
633 2535 733 2576 inde
759 2542 929 2591 portum
952 2535 1102 2576 habuit
1130 2536 1398 2587 llarduinus,
1430 2534 1570 2577 velex
1588 2535 1704 2588 ipso-

232 2630 326 2659 rum
356 2616 528 2670 ingenio
555 2613 626 2656 vel
660 2615 932 2668 compendiis
965 2614 1172 2657 librorum
1190 2615 1304 2657 Mss.
1332 2613 1442 2656 male
1473 2612 1703 2654 intellectis

236 2702 490 2749 prognatas.
550 2694 662 2734 Nam
694 2693 811 2748 quod
843 2694 926 2734 iam
958 2707 982 2734 e
1014 2693 1201 2735 Barbari
1229 2692 1457 2734 codicibus
1486 2691 1705 2745 scriptura

234 2773 279 2813 in
309 2771 480 2829 psanda
505 2772 695 2828 porticus
725 2771 850 2814 habet
887 2771 1016 2814 facile
1061 2771 1155 2814 elici
1193 2778 1366 2826 poterat
1409 2785 1568 2813 nomen
1600 2785 1704 2826 pro-
