<?xml version="1.0" encoding="UTF-8"?>
<!DOCTYPE html PUBLIC "-//W3C//DTD XHTML 1.0 Transitional//EN"
    "http://www.w3.org/TR/xhtml1/DTD/xhtml1-transitional.dtd">
<html xmlns="http://www.w3.org/1999/xhtml" xml:lang="en" lang="en">
 <head>
  <title>
</title>
<meta http-equiv="Content-Type" content="text/html;charset=utf-8" />
  <meta name='ocr-system' content='tesseract 3.04.00' />
  <meta name='ocr-capabilities' content='ocr_page ocr_carea ocr_par ocr_line ocrx_word'/>
</head>
<body>
  <div class='ocr_page' id='page_1' title='image "./vindiciaeplinian00urliuoft_0213.png"; bbox 0 0 1914 3237; ppageno 0'>
   <div class='ocr_carea' id='block_1_1' title="bbox 800 174 1662 218">
    <p class='ocr_par' dir='ltr' id='par_1_1' title="bbox 800 174 1662 218">
     <span class='ocr_line' id='line_1_1' title="bbox 800 174 1662 218; baseline 0.002 -3"><span class='ocrx_word' id='word_1_1' title='bbox 800 176 918 216; x_wconf 82' lang='lat' dir='ltr'>Liber</span> <span class='ocrx_word' id='word_1_2' title='bbox 947 176 1062 216; x_wconf 86' lang='lat' dir='ltr'><em>XVI.</em></span> <span class='ocrx_word' id='word_1_3' title='bbox 1612 174 1662 218; x_wconf 90' lang='lat'>13</span> 
     </span>
    </p>
   </div>
   <div class='ocr_carea' id='block_1_2' title="bbox 193 305 1662 827">
    <p class='ocr_par' dir='ltr' id='par_1_2' title="bbox 193 305 1662 827">
     <span class='ocr_line' id='line_1_2' title="bbox 197 305 1662 363; baseline -0.001 -16"><span class='ocrx_word' id='word_1_4' title='bbox 197 309 323 361; x_wconf 89' lang='lat' dir='ltr'>taego</span> <span class='ocrx_word' id='word_1_5' title='bbox 356 307 454 362; x_wconf 90' lang='lat' dir='ltr'>egit,</span> <span class='ocrx_word' id='word_1_6' title='bbox 497 305 650 347; x_wconf 89' lang='lat' dir='ltr'>deinde</span> <span class='ocrx_word' id='word_1_7' title='bbox 680 319 770 360; x_wconf 88' lang='lat' dir='ltr'>cap.</span> <span class='ocrx_word' id='word_1_8' title='bbox 801 305 866 347; x_wconf 94' lang='grc'>16.</span> <span class='ocrx_word' id='word_1_9' title='bbox 912 305 997 346; x_wconf 86' lang='lat' dir='ltr'>ilici</span> <span class='ocrx_word' id='word_1_10' title='bbox 1038 305 1228 363; x_wconf 77' lang='grc' dir='ltr'>(πρίνῳ)</span> <span class='ocrx_word' id='word_1_11' title='bbox 1262 309 1441 360; x_wconf 88' lang='lat' dir='ltr'>quatuor</span> <span class='ocrx_word' id='word_1_12' title='bbox 1470 305 1563 346; x_wconf 86' lang='lat' dir='ltr'>illas</span> <span class='ocrx_word' id='word_1_13' title='bbox 1593 317 1662 346; x_wconf 88' lang='lat' dir='ltr'>res</span> 
     </span>
     <span class='ocr_line' id='line_1_3' title="bbox 198 382 1661 438; baseline 0 -14"><span class='ocrx_word' id='word_1_14' title='bbox 198 384 354 437; x_wconf 80' lang='lat' dir='ltr'>tribuit,</span> <span class='ocrx_word' id='word_1_15' title='bbox 384 398 529 425; x_wconf 87' lang='lat' dir='ltr'>verum</span> <span class='ocrx_word' id='word_1_16' title='bbox 559 388 782 438; x_wconf 87' lang='lat' dir='ltr'>utramque</span> <span class='ocrx_word' id='word_1_17' title='bbox 813 382 1004 423; x_wconf 84' lang='lat' dir='ltr'>arborem</span> <span class='ocrx_word' id='word_1_18' title='bbox 1035 382 1172 423; x_wconf 90' lang='lat' dir='ltr'>ilicem</span> <span class='ocrx_word' id='word_1_19' title='bbox 1206 383 1448 438; x_wconf 84' lang='lat' dir='ltr'>aquifoliam</span> <span class='ocrx_word' id='word_1_20' title='bbox 1466 388 1508 424; x_wconf 90' lang='lat' dir='ltr'>et</span> <span class='ocrx_word' id='word_1_21' title='bbox 1523 383 1661 424; x_wconf 91' lang='lat' dir='ltr'>ilicem</span> 
     </span>
     <span class='ocr_line' id='line_1_4' title="bbox 199 459 1661 516; baseline 0 -14"><span class='ocrx_word' id='word_1_22' title='bbox 199 462 433 502; x_wconf 84' lang='lat' dir='ltr'>silvestrem</span> <span class='ocrx_word' id='word_1_23' title='bbox 464 474 489 500; x_wconf 89' lang='lat' dir='ltr'>a</span> <span class='ocrx_word' id='word_1_24' title='bbox 517 460 744 501; x_wconf 82' lang='lat' dir='ltr'>festinante</span> <span class='ocrx_word' id='word_1_25' title='bbox 769 461 972 515; x_wconf 82' lang='lat' dir='ltr'>scriptore</span> <span class='ocrx_word' id='word_1_26' title='bbox 989 459 1189 501; x_wconf 79' lang='lat' dir='ltr'>facillime</span> <span class='ocrx_word' id='word_1_27' title='bbox 1207 462 1437 514; x_wconf 88' lang='lat' dir='ltr'>permutari</span> <span class='ocrx_word' id='word_1_28' title='bbox 1458 461 1661 516; x_wconf 90' lang='lat' dir='ltr'>potuisse,</span> 
     </span>
     <span class='ocr_line' id='line_1_5' title="bbox 198 537 1661 595; baseline 0 -15"><span class='ocrx_word' id='word_1_29' title='bbox 198 540 356 580; x_wconf 81' lang='lat' dir='ltr'>buxum</span> <span class='ocrx_word' id='word_1_30' title='bbox 386 543 427 578; x_wconf 90' lang='lat' dir='ltr'>et</span> <span class='ocrx_word' id='word_1_31' title='bbox 458 538 595 578; x_wconf 85' lang='lat' dir='ltr'>ilicem</span> <span class='ocrx_word' id='word_1_32' title='bbox 626 552 721 579; x_wconf 93' lang='lat' dir='ltr'>cum</span> <span class='ocrx_word' id='word_1_33' title='bbox 751 538 1000 593; x_wconf 87' lang='lat' dir='ltr'>praesertim</span> <span class='ocrx_word' id='word_1_34' title='bbox 1030 537 1313 593; x_wconf 84' lang='lat' dir='ltr'>Theophrasti</span> <span class='ocrx_word' id='word_1_35' title='bbox 1338 539 1469 580; x_wconf 86' lang='lat' dir='ltr'>verba</span> <span class='ocrx_word' id='word_1_36' title='bbox 1487 540 1661 595; x_wconf 87' lang='lat' dir='ltr'>legeret,</span> 
     </span>
     <span class='ocr_line' id='line_1_6' title="bbox 195 615 1662 672; baseline 0.001 -15"><span class='ocrx_word' id='word_1_37' title='bbox 195 630 280 657; x_wconf 92' lang='lat' dir='ltr'>non</span> <span class='ocrx_word' id='word_1_38' title='bbox 319 616 509 671; x_wconf 88' lang='lat' dir='ltr'>potuisse</span> <span class='ocrx_word' id='word_1_39' title='bbox 555 615 755 656; x_wconf 86' lang='lat' dir='ltr'>confundi</span> <span class='ocrx_word' id='word_1_40' title='bbox 799 621 988 671; x_wconf 88' lang='lat' dir='ltr'>apparet.</span> <span class='ocrx_word' id='word_1_41' title='bbox 1060 615 1213 657; x_wconf 84' lang='lat' dir='ltr'>Restat</span> <span class='ocrx_word' id='word_1_42' title='bbox 1253 620 1299 656; x_wconf 92' lang='lat' dir='ltr'>ut</span> <span class='ocrx_word' id='word_1_43' title='bbox 1338 616 1542 672; x_wconf 86' lang='lat' dir='ltr'>originem</span> <span class='ocrx_word' id='word_1_44' title='bbox 1571 617 1662 658; x_wconf 90' lang='lat' dir='ltr'>vitii</span> 
     </span>
     <span class='ocr_line' id='line_1_7' title="bbox 193 693 1661 749; baseline 0 -14"><span class='ocrx_word' id='word_1_45' title='bbox 193 694 455 749; x_wconf 83' lang='lat' dir='ltr'>indagemus.</span> <span class='ocrx_word' id='word_1_46' title='bbox 515 693 634 742; x_wconf 82' lang='lat' dir='ltr'>Quae</span> <span class='ocrx_word' id='word_1_47' title='bbox 665 694 760 735; x_wconf 85' lang='lat' dir='ltr'>talis</span> <span class='ocrx_word' id='word_1_48' title='bbox 789 694 956 735; x_wconf 82' lang='lat' dir='ltr'>videtur</span> <span class='ocrx_word' id='word_1_49' title='bbox 984 693 1138 734; x_wconf 87' lang='lat' dir='ltr'>fuisse:</span> <span class='ocrx_word' id='word_1_50' title='bbox 1177 693 1226 734; x_wconf 91' lang='lat' dir='ltr'>In</span> <span class='ocrx_word' id='word_1_51' title='bbox 1258 693 1486 749; x_wconf 85' lang='lat' dir='ltr'>archetypo</span> <span class='ocrx_word' id='word_1_52' title='bbox 1517 694 1661 736; x_wconf 88' lang='lat' dir='ltr'>codice</span> 
     </span>
     <span class='ocr_line' id='line_1_8' title="bbox 195 762 1659 827; baseline 0.001 -14"><span class='ocrx_word' id='word_1_53' title='bbox 195 773 312 813; x_wconf 85' lang='lat' dir='ltr'>cuius</span> <span class='ocrx_word' id='word_1_54' title='bbox 333 772 526 827; x_wconf 86' lang='lat' dir='ltr'>singulae</span> <span class='ocrx_word' id='word_1_55' title='bbox 542 772 680 812; x_wconf 89' lang='lat' dir='ltr'>lineae</span> <span class='ocrx_word' id='word_1_56' title='bbox 698 771 846 826; x_wconf 88' lang='lat' dir='ltr'>viginti</span> <span class='ocrx_word' id='word_1_57' title='bbox 877 762 1070 827; x_wconf 54' lang='lat' dir='ltr'>quiffinis</span> <span class='ocrx_word' id='word_1_58' title='bbox 1092 772 1159 813; x_wconf 86' lang='lat' dir='ltr'>vel</span> <span class='ocrx_word' id='word_1_59' title='bbox 1184 772 1372 827; x_wconf 85' lang='lat' dir='ltr'>septenis</span> <span class='ocrx_word' id='word_1_60' title='bbox 1390 773 1540 813; x_wconf 85' lang='lat' dir='ltr'>litteris</span> <span class='ocrx_word' id='word_1_61' title='bbox 1562 786 1659 814; x_wconf 91' lang='lat' dir='ltr'>con-</span> 
     </span>
    </p>
   </div>
   <div class='ocr_carea' id='block_1_3' title="bbox 194 850 804 905">
    <p class='ocr_par' dir='ltr' id='par_1_3' title="bbox 194 850 804 905">
     <span class='ocr_line' id='line_1_9' title="bbox 194 850 804 905; baseline -0.003 -13"><span class='ocrx_word' id='word_1_62' title='bbox 194 850 365 892; x_wconf 85' lang='lat' dir='ltr'>stabant</span> <span class='ocrx_word' id='word_1_63' title='bbox 394 850 500 891; x_wconf 87' lang='lat' dir='ltr'>haec</span> <span class='ocrx_word' id='word_1_64' title='bbox 533 850 804 905; x_wconf 84' lang='lat' dir='ltr'>legebantur:</span> 
     </span>
    </p>
   </div>
   <div class='ocr_carea' id='block_1_4' title="bbox 194 929 1659 1217">
    <p class='ocr_par' dir='ltr' id='par_1_4' title="bbox 194 929 1659 1217">
     <span class='ocr_line' id='line_1_10' title="bbox 416 929 1130 956; baseline 0 -1"><span class='ocrx_word' id='word_1_65' title='bbox 416 929 554 956; x_wconf 77' lang='lat' dir='ltr'>UTJLES</span> <span class='ocrx_word' id='word_1_66' title='bbox 574 930 747 955; x_wconf 79' lang='lat' dir='ltr'>PLURIMA</span> <span class='ocrx_word' id='word_1_67' title='bbox 767 929 871 955; x_wconf 79' lang='lat' dir='ltr'>UERO</span> <span class='ocrx_word' id='word_1_68' title='bbox 893 929 1130 955; x_wconf 80' lang='lat' dir='ltr'><strong>CRATAEGON</strong></span> 
     </span>
     <span class='ocr_line' id='line_1_11' title="bbox 413 987 1225 1019; baseline 0.001 -7"><span class='ocrx_word' id='word_1_69' title='bbox 413 988 496 1012; x_wconf 76' lang='lat' dir='ltr'>NAM</span> <span class='ocrx_word' id='word_1_70' title='bbox 515 988 565 1011; x_wconf 86' lang='grc' dir='ltr'>ΕΤ</span> <span class='ocrx_word' id='word_1_71' title='bbox 590 987 718 1013; x_wconf 75' lang='lat' dir='ltr'>SEMEN</span> <span class='ocrx_word' id='word_1_72' title='bbox 739 987 843 1014; x_wconf 87' lang='lat' dir='ltr'>SUUM</span> <span class='ocrx_word' id='word_1_73' title='bbox 863 989 913 1013; x_wconf 82' lang='lat' dir='ltr'>ET</span> <span class='ocrx_word' id='word_1_74' title='bbox 933 988 1096 1014; x_wconf 72' lang='lat' dir='ltr'>GRANUM</span> <span class='ocrx_word' id='word_1_75' title='bbox 1116 987 1225 1019; x_wconf 83' lang='lat' dir='ltr'><strong>QUOD</strong></span> 
     </span>
     <span class='ocr_line' id='line_1_12' title="bbox 412 1046 548 1071; baseline 0 0"><span class='ocrx_word' id='word_1_76' title='bbox 412 1046 548 1071; x_wconf 58' lang='lat' dir='ltr'>Boxum</span> 
     </span>
     <span class='ocr_line' id='line_1_13' title="bbox 414 1103 864 1130; baseline 0 -1"><span class='ocrx_word' id='word_1_77' title='bbox 414 1104 580 1130; x_wconf 82' lang='lat' dir='ltr'>KOKKON</span> <span class='ocrx_word' id='word_1_78' title='bbox 600 1103 758 1130; x_wconf 62' lang='lat' dir='ltr'>nomm</span> <span class='ocrx_word' id='word_1_79' title='bbox 777 1118 811 1122; x_wconf 93' lang='lat'><em>-</em></span> <span class='ocrx_word' id='word_1_80' title='bbox 830 1118 864 1122; x_wconf 92' lang='lat'><em>-</em></span> 
     </span>
     <span class='ocr_line' id='line_1_14' title="bbox 194 1160 1659 1217; baseline 0.001 -16"><span class='ocrx_word' id='word_1_81' title='bbox 194 1161 317 1217; x_wconf 87' lang='lat' dir='ltr'>(nam</span> <span class='ocrx_word' id='word_1_82' title='bbox 348 1160 400 1202; x_wconf 89' lang='lat' dir='ltr'>de</span> <span class='ocrx_word' id='word_1_83' title='bbox 431 1161 639 1214; x_wconf 91' lang='lat' dir='ltr'>cusculio,</span> <span class='ocrx_word' id='word_1_84' title='bbox 671 1161 868 1216; x_wconf 90' lang='lat' dir='ltr'>quoniam</span> <span class='ocrx_word' id='word_1_85' title='bbox 900 1161 1242 1217; x_wconf 87' lang='lat' dir='ltr'>Theophrastum</span> <span class='ocrx_word' id='word_1_86' title='bbox 1261 1161 1423 1202; x_wconf 88' lang='lat' dir='ltr'>Plinius</span> <span class='ocrx_word' id='word_1_87' title='bbox 1453 1162 1659 1217; x_wconf 89' lang='lat' dir='ltr'>interpre-</span> 
     </span>
    </p>
   </div>
   <div class='ocr_carea' id='block_1_5' title="bbox 184 1239 1660 2067">
    <p class='ocr_par' dir='ltr' id='par_1_5' title="bbox 184 1239 1660 1754">
     <span class='ocr_line' id='line_1_15' title="bbox 191 1239 1660 1294; baseline -0.001 -12"><span class='ocrx_word' id='word_1_88' title='bbox 191 1245 327 1293; x_wconf 80' lang='lat' dir='ltr'>tatur,</span> <span class='ocrx_word' id='word_1_89' title='bbox 365 1253 449 1280; x_wconf 90' lang='lat' dir='ltr'>non</span> <span class='ocrx_word' id='word_1_90' title='bbox 486 1239 650 1280; x_wconf 88' lang='lat' dir='ltr'>videtur</span> <span class='ocrx_word' id='word_1_91' title='bbox 681 1239 954 1294; x_wconf 86' lang='lat' dir='ltr'>cogitandum</span> <span class='ocrx_word' id='word_1_92' title='bbox 986 1245 1130 1293; x_wconf 87' lang='lat' dir='ltr'>esse),</span> <span class='ocrx_word' id='word_1_93' title='bbox 1162 1240 1276 1281; x_wconf 91' lang='lat' dir='ltr'>cocci</span> <span class='ocrx_word' id='word_1_94' title='bbox 1307 1240 1419 1280; x_wconf 91' lang='lat' dir='ltr'>enim</span> <span class='ocrx_word' id='word_1_95' title='bbox 1451 1239 1660 1281; x_wconf 87' lang='lat' dir='ltr'>Graecum</span> 
     </span>
     <span class='ocr_line' id='line_1_16' title="bbox 191 1317 1659 1373; baseline 0.001 -14"><span class='ocrx_word' id='word_1_96' title='bbox 191 1331 347 1359; x_wconf 89' lang='lat' dir='ltr'>nomen</span> <span class='ocrx_word' id='word_1_97' title='bbox 391 1318 652 1372; x_wconf 87' lang='lat' dir='ltr'>antiquarius</span> <span class='ocrx_word' id='word_1_98' title='bbox 700 1318 985 1373; x_wconf 87' lang='lat' dir='ltr'>superscripto</span> <span class='ocrx_word' id='word_1_99' title='bbox 1037 1317 1190 1359; x_wconf 86' lang='lat' dir='ltr'>Latino</span> <span class='ocrx_word' id='word_1_100' title='bbox 1250 1317 1456 1359; x_wconf 88' lang='lat' dir='ltr'>vocabulo</span> <span class='ocrx_word' id='word_1_101' title='bbox 1516 1332 1659 1360; x_wconf 89' lang='lat' dir='ltr'>emen-</span> 
     </span>
     <span class='ocr_line' id='line_1_17' title="bbox 192 1395 1658 1451; baseline 0.001 -13"><span class='ocrx_word' id='word_1_102' title='bbox 192 1397 292 1438; x_wconf 88' lang='lat' dir='ltr'>dare</span> <span class='ocrx_word' id='word_1_103' title='bbox 323 1402 499 1437; x_wconf 89' lang='lat' dir='ltr'>conatus</span> <span class='ocrx_word' id='word_1_104' title='bbox 531 1401 633 1438; x_wconf 89' lang='lat' dir='ltr'>erat.</span> <span class='ocrx_word' id='word_1_105' title='bbox 697 1395 818 1437; x_wconf 90' lang='lat' dir='ltr'>Unde</span> <span class='ocrx_word' id='word_1_106' title='bbox 848 1396 1007 1438; x_wconf 86' lang='lat' dir='ltr'>factum</span> <span class='ocrx_word' id='word_1_107' title='bbox 1039 1401 1104 1438; x_wconf 91' lang='lat' dir='ltr'>est</span> <span class='ocrx_word' id='word_1_108' title='bbox 1132 1401 1179 1437; x_wconf 90' lang='lat' dir='ltr'>ut</span> <span class='ocrx_word' id='word_1_109' title='bbox 1208 1396 1252 1437; x_wconf 92' lang='lat' dir='ltr'>in</span> <span class='ocrx_word' id='word_1_110' title='bbox 1279 1397 1540 1451; x_wconf 89' lang='lat' dir='ltr'>superiorem</span> <span class='ocrx_word' id='word_1_111' title='bbox 1570 1413 1658 1440; x_wconf 88' lang='lat' dir='ltr'>ver-</span> 
     </span>
     <span class='ocr_line' id='line_1_18' title="bbox 190 1475 1658 1530; baseline 0.002 -14"><span class='ocrx_word' id='word_1_112' title='bbox 190 1489 283 1516; x_wconf 91' lang='lat' dir='ltr'>sum</span> <span class='ocrx_word' id='word_1_113' title='bbox 319 1476 600 1530; x_wconf 77' lang='lat' dir='ltr'>reciperetur,</span> <span class='ocrx_word' id='word_1_114' title='bbox 646 1475 779 1516; x_wconf 90' lang='lat' dir='ltr'>altera</span> <span class='ocrx_word' id='word_1_115' title='bbox 818 1489 901 1516; x_wconf 86' lang='lat' dir='ltr'>vox</span> <span class='ocrx_word' id='word_1_116' title='bbox 942 1475 996 1515; x_wconf 83' lang='lat' dir='ltr'>ad</span> <span class='ocrx_word' id='word_1_117' title='bbox 1034 1475 1162 1515; x_wconf 91' lang='lat' dir='ltr'>finem</span> <span class='ocrx_word' id='word_1_118' title='bbox 1201 1475 1392 1516; x_wconf 89' lang='lat' dir='ltr'>eiusdem</span> <span class='ocrx_word' id='word_1_119' title='bbox 1421 1477 1658 1520; x_wconf 85' lang='lat' dir='ltr'>retrudere-</span> 
     </span>
     <span class='ocr_line' id='line_1_19' title="bbox 189 1553 1657 1609; baseline 0.002 -14"><span class='ocrx_word' id='word_1_120' title='bbox 189 1559 256 1595; x_wconf 91' lang='lat' dir='ltr'>tur</span> <span class='ocrx_word' id='word_1_121' title='bbox 295 1559 336 1595; x_wconf 92' lang='lat' dir='ltr'>et</span> <span class='ocrx_word' id='word_1_122' title='bbox 375 1554 429 1594; x_wconf 88' lang='lat' dir='ltr'>ad</span> <span class='ocrx_word' id='word_1_123' title='bbox 466 1554 642 1596; x_wconf 81' lang='lat' dir='ltr'>verbum</span> <span class='ocrx_word' id='word_1_124' title='bbox 680 1562 824 1595; x_wconf 85' lang='lat' dir='ltr'>vocant</span> <span class='ocrx_word' id='word_1_125' title='bbox 852 1554 1092 1596; x_wconf 82' lang='lat' dir='ltr'>referretur.</span> <span class='ocrx_word' id='word_1_126' title='bbox 1126 1579 1175 1587; x_wconf 91' lang='lat'>-—-</span> <span class='ocrx_word' id='word_1_127' title='bbox 1236 1553 1386 1609; x_wconf 88' lang='lat' dir='ltr'>Itaque</span> <span class='ocrx_word' id='word_1_128' title='bbox 1424 1556 1553 1597; x_wconf 84' lang='lat' dir='ltr'>verbo</span> <span class='ocrx_word' id='word_1_129' title='bbox 1584 1560 1657 1598; x_wconf 81' lang='lat' dir='ltr'>Iza-</span> 
     </span>
     <span class='ocr_line' id='line_1_20' title="bbox 186 1632 1657 1687; baseline 0.001 -12"><span class='ocrx_word' id='word_1_130' title='bbox 186 1638 277 1676; x_wconf 82' lang='lat' dir='ltr'>bent</span> <span class='ocrx_word' id='word_1_131' title='bbox 306 1634 349 1674; x_wconf 90' lang='lat' dir='ltr'>in</span> <span class='ocrx_word' id='word_1_132' title='bbox 377 1633 633 1687; x_wconf 88' lang='lat' dir='ltr'>singularem</span> <span class='ocrx_word' id='word_1_133' title='bbox 666 1646 887 1673; x_wconf 89' lang='lat' dir='ltr'>numerum</span> <span class='ocrx_word' id='word_1_134' title='bbox 925 1632 1100 1673; x_wconf 89' lang='lat' dir='ltr'>reducto</span> <span class='ocrx_word' id='word_1_135' title='bbox 1130 1636 1264 1673; x_wconf 91' lang='lat' dir='ltr'>totum</span> <span class='ocrx_word' id='word_1_136' title='bbox 1293 1633 1432 1674; x_wconf 89' lang='lat' dir='ltr'>locum</span> <span class='ocrx_word' id='word_1_137' title='bbox 1468 1635 1527 1676; x_wconf 91' lang='lat' dir='ltr'>ita</span> <span class='ocrx_word' id='word_1_138' title='bbox 1557 1636 1657 1677; x_wconf 90' lang='lat' dir='ltr'>scri-</span> 
     </span>
     <span class='ocr_line' id='line_1_21' title="bbox 184 1712 703 1754; baseline -0.006 0"><span class='ocrx_word' id='word_1_139' title='bbox 184 1712 371 1754; x_wconf 90' lang='lat' dir='ltr'>bendum</span> <span class='ocrx_word' id='word_1_140' title='bbox 403 1723 496 1752; x_wconf 89' lang='lat' dir='ltr'>esse</span> <span class='ocrx_word' id='word_1_141' title='bbox 527 1723 703 1752; x_wconf 85' lang='lat' dir='ltr'>censeo:</span> 
     </span>
    </p>

    <p class='ocr_par' dir='ltr' id='par_1_6' title="bbox 237 1794 1656 1843">
     <span class='ocr_line' id='line_1_22' title="bbox 237 1794 1656 1843; baseline 0.001 -12"><span class='ocrx_word' id='word_1_142' title='bbox 237 1794 411 1843; x_wconf 78' lang='lat' dir='ltr'>plurima</span> <span class='ocrx_word' id='word_1_143' title='bbox 445 1803 537 1831; x_wconf 86' lang='lat' dir='ltr'>vero</span> <span class='ocrx_word' id='word_1_144' title='bbox 582 1796 821 1840; x_wconf 68' lang='lat' dir='ltr'>crataequs;</span> <span class='ocrx_word' id='word_1_145' title='bbox 871 1804 960 1830; x_wconf 80' lang='lat' dir='ltr'>nam</span> <span class='ocrx_word' id='word_1_146' title='bbox 1000 1797 1037 1830; x_wconf 83' lang='lat' dir='ltr'>et</span> <span class='ocrx_word' id='word_1_147' title='bbox 1081 1802 1210 1830; x_wconf 79' lang='lat' dir='ltr'>semen</span> <span class='ocrx_word' id='word_1_148' title='bbox 1254 1804 1367 1830; x_wconf 75' lang='lat' dir='ltr'>suum</span> <span class='ocrx_word' id='word_1_149' title='bbox 1415 1799 1452 1832; x_wconf 84' lang='lat' dir='ltr'>et</span> <span class='ocrx_word' id='word_1_150' title='bbox 1485 1806 1656 1842; x_wconf 70' lang='lat' dir='ltr'>ymnum</span> 
     </span>
    </p>

    <p class='ocr_par' dir='ltr' id='par_1_7' title="bbox 241 1867 1070 1920">
     <span class='ocr_line' id='line_1_23' title="bbox 241 1867 1070 1920; baseline 0 -10"><span class='ocrx_word' id='word_1_151' title='bbox 241 1873 350 1920; x_wconf 77' lang='lat' dir='ltr'>quod</span> <span class='ocrx_word' id='word_1_152' title='bbox 380 1882 542 1910; x_wconf 78' lang='lat' dir='ltr'>coccum</span> <span class='ocrx_word' id='word_1_153' title='bbox 572 1877 715 1910; x_wconf 78' lang='lat' dir='ltr'>vocam</span> <span class='ocrx_word' id='word_1_154' title='bbox 742 1868 815 1910; x_wconf 87' lang='lat' dir='ltr'>rel.</span> <span class='ocrx_word' id='word_1_155' title='bbox 849 1893 895 1898; x_wconf 77' lang='lat'>—-</span> <span class='ocrx_word' id='word_1_156' title='bbox 928 1867 1070 1910; x_wconf 86' lang='lat' dir='ltr'>habet.</span> 
     </span>
    </p>

    <p class='ocr_par' dir='ltr' id='par_1_8' title="bbox 298 1946 1657 2004">
     <span class='ocr_line' id='line_1_24' title="bbox 298 1946 1657 2004; baseline 0.001 -16"><span class='ocrx_word' id='word_1_157' title='bbox 298 1947 334 2001; x_wconf 69' lang='grc' dir='ltr'>ξ.</span> <span class='ocrx_word' id='word_1_158' title='bbox 354 1947 447 1990; x_wconf 86' lang='grc'><strong>122.</strong></span> <span class='ocrx_word' id='word_1_159' title='bbox 483 1947 698 2002; x_wconf 81' lang='lat' dir='ltr'>vulgatam</span> <span class='ocrx_word' id='word_1_160' title='bbox 728 1947 954 1987; x_wconf 90' lang='lat' dir='ltr'>lectionem</span> <span class='ocrx_word' id='word_1_161' title='bbox 976 1951 1067 1987; x_wconf 75' lang='lat' dir='ltr'>aliis</span> <span class='ocrx_word' id='word_1_162' title='bbox 1097 1946 1290 2002; x_wconf 85' lang='lat' dir='ltr'>praefero</span> <span class='ocrx_word' id='word_1_163' title='bbox 1310 1947 1501 1989; x_wconf 88' lang='lat' dir='ltr'>codicum</span> <span class='ocrx_word' id='word_1_164' title='bbox 1529 1949 1657 2004; x_wconf 86' lang='lat' dir='ltr'>scrip-</span> 
     </span>
    </p>

    <p class='ocr_par' dir='ltr' id='par_1_9' title="bbox 186 2029 456 2067">
     <span class='ocr_line' id='line_1_25' title="bbox 186 2029 456 2067; baseline -0.004 0"><span class='ocrx_word' id='word_1_165' title='bbox 186 2030 306 2067; x_wconf 89' lang='lat' dir='ltr'>turae</span> <span class='ocrx_word' id='word_1_166' title='bbox 338 2029 456 2066; x_wconf 78' lang='lat' dir='ltr'>allas.</span> 
     </span>
    </p>
   </div>
   <div class='ocr_carea' id='block_1_6' title="bbox 744 2173 1767 2232">
    <p class='ocr_par' dir='ltr' id='par_1_10' title="bbox 744 2173 1767 2232">
     <span class='ocr_line' id='line_1_26' title="bbox 744 2173 1767 2232; baseline 0.01 -12"><span class='ocrx_word' id='word_1_167' title='bbox 744 2174 834 2221; x_wconf 80' lang='lat'>125</span> <span class='ocrx_word' id='word_1_168' title='bbox 854 2195 914 2214; x_wconf 88' lang='lat'><strong><em>=</em></strong></span> <span class='ocrx_word' id='word_1_169' title='bbox 932 2173 1090 2230; x_wconf 83' lang='lat'>30,54.</span> <span class='ocrx_word' id='word_1_170' title='bbox 1685 2186 1767 2232; x_wconf 79' lang='lat'>273</span> 
     </span>
    </p>
   </div>
   <div class='ocr_carea' id='block_1_7' title="bbox 187 2282 1657 2705">
    <p class='ocr_par' dir='ltr' id='par_1_11' title="bbox 251 2282 1657 2343">
     <span class='ocr_line' id='line_1_27' title="bbox 251 2282 1657 2343; baseline 0.002 -12"><span class='ocrx_word' id='word_1_171' title='bbox 251 2282 573 2332; x_wconf 83' lang='lat' dir='ltr'>Ramosarum</span> <span class='ocrx_word' id='word_1_172' title='bbox 609 2283 889 2343; x_wconf 81' lang='lat' dir='ltr'>(arborum)</span> <span class='ocrx_word' id='word_1_173' title='bbox 951 2298 1151 2332; x_wconf 81' lang='lat' dir='ltr'>cerasus</span> <span class='ocrx_word' id='word_1_174' title='bbox 1189 2283 1331 2332; x_wconf 80' lang='lat' dir='ltr'>etiam</span> <span class='ocrx_word' id='word_1_175' title='bbox 1368 2284 1416 2332; x_wconf 88' lang='lat' dir='ltr'>in</span> <span class='ocrx_word' id='word_1_176' title='bbox 1454 2283 1535 2334; x_wconf 91' lang='lat' dir='ltr'>XL</span> <span class='ocrx_word' id='word_1_177' title='bbox 1573 2301 1657 2335; x_wconf 88' lang='lat' dir='ltr'>cu-</span> 
     </span>
    </p>

    <p class='ocr_par' dir='ltr' id='par_1_12' title="bbox 252 2370 1657 2525">
     <span class='ocr_line' id='line_1_28' title="bbox 257 2370 1657 2436; baseline 0.003 -16"><span class='ocrx_word' id='word_1_178' title='bbox 257 2371 463 2420; x_wconf 85' lang='lat' dir='ltr'>bitorum</span> <span class='ocrx_word' id='word_1_179' title='bbox 516 2371 680 2420; x_wconf 82' lang='lat' dir='ltr'>trabes</span> <span class='ocrx_word' id='word_1_180' title='bbox 734 2370 926 2435; x_wconf 83' lang='lat' dir='ltr'>aequali</span> <span class='ocrx_word' id='word_1_181' title='bbox 972 2387 1060 2436; x_wconf 87' lang='lat' dir='ltr'>per</span> <span class='ocrx_word' id='word_1_182' title='bbox 1092 2377 1243 2422; x_wconf 80' lang='lat' dir='ltr'>totam</span> <span class='ocrx_word' id='word_1_183' title='bbox 1282 2372 1430 2421; x_wconf 84' lang='lat' dir='ltr'>duum</span> <span class='ocrx_word' id='word_1_184' title='bbox 1468 2373 1657 2424; x_wconf 84' lang='lat' dir='ltr'>cubito-</span> 
     </span>
     <span class='ocr_line' id='line_1_29' title="bbox 252 2459 1003 2525; baseline 0.001 -18"><span class='ocrx_word' id='word_1_185' title='bbox 252 2474 357 2508; x_wconf 88' lang='lat' dir='ltr'>rum</span> <span class='ocrx_word' id='word_1_186' title='bbox 395 2459 718 2508; x_wconf 84' lang='lat' dir='ltr'>crassitudine</span> <span class='ocrx_word' id='word_1_187' title='bbox 754 2459 1003 2525; x_wconf 82' lang='lat' dir='ltr'>reperitur.</span> 
     </span>
    </p>

    <p class='ocr_par' dir='ltr' id='par_1_13' title="bbox 296 2570 1653 2627">
     <span class='ocr_line' id='line_1_30' title="bbox 296 2570 1653 2627; baseline 0.001 -15"><span class='ocrx_word' id='word_1_188' title='bbox 296 2570 636 2626; x_wconf 86' lang='lat' dir='ltr'>Theophrastum</span> <span class='ocrx_word' id='word_1_189' title='bbox 675 2572 976 2626; x_wconf 88' lang='lat' dir='ltr'>interpretatus</span> <span class='ocrx_word' id='word_1_190' title='bbox 1008 2576 1073 2613; x_wconf 90' lang='lat' dir='ltr'>est</span> <span class='ocrx_word' id='word_1_191' title='bbox 1103 2572 1275 2612; x_wconf 88' lang='lat' dir='ltr'>Plinius.</span> <span class='ocrx_word' id='word_1_192' title='bbox 1305 2571 1387 2619; x_wconf 83' lang='lat' dir='ltr'>Qui</span> <span class='ocrx_word' id='word_1_193' title='bbox 1417 2585 1544 2627; x_wconf 90' lang='lat' dir='ltr'>quum</span> <span class='ocrx_word' id='word_1_194' title='bbox 1576 2573 1653 2614; x_wconf 91' lang='grc' dir='ltr'><strong>ΙΙΙ.</strong></span> 
     </span>
    </p>

    <p class='ocr_par' dir='ltr' id='par_1_14' title="bbox 187 2648 1653 2705">
     <span class='ocr_line' id='line_1_31' title="bbox 187 2648 1653 2705; baseline 0.001 -14"><span class='ocrx_word' id='word_1_195' title='bbox 187 2650 250 2692; x_wconf 84' lang='grc'>13.</span> <span class='ocrx_word' id='word_1_196' title='bbox 283 2652 320 2692; x_wconf 89' lang='grc'>1.</span> <span class='ocrx_word' id='word_1_197' title='bbox 352 2648 412 2699; x_wconf 73' lang='grc' dir='ltr'>εἰς</span> <span class='ocrx_word' id='word_1_198' title='bbox 428 2652 640 2705; x_wconf 80' lang='grc' dir='ltr'><em>τέτταρας</em></span> <span class='ocrx_word' id='word_1_199' title='bbox 659 2653 733 2690; x_wconf 85' lang='grc' dir='ltr'>καὶ</span> <span class='ocrx_word' id='word_1_200' title='bbox 762 2650 903 2691; x_wconf 81' lang='grc' dir='ltr'><em>εἴκοσι</em></span> <span class='ocrx_word' id='word_1_201' title='bbox 933 2650 1083 2703; x_wconf 82' lang='grc' dir='ltr'><em>πήχεις</em></span> <span class='ocrx_word' id='word_1_202' title='bbox 1108 2663 1301 2691; x_wconf 89' lang='lat' dir='ltr'>cerasum</span> <span class='ocrx_word' id='word_1_203' title='bbox 1328 2663 1572 2692; x_wconf 81' lang='lat' dir='ltr'>excrescere</span> <span class='ocrx_word' id='word_1_204' title='bbox 1593 2651 1653 2692; x_wconf 90' lang='lat' dir='ltr'>di-</span> 
     </span>
    </p>
   </div>
   <div class='ocr_carea' id='block_1_8' title="bbox 186 2728 1654 2862">
    <p class='ocr_par' dir='ltr' id='par_1_15' title="bbox 186 2728 1654 2862">
     <span class='ocr_line' id='line_1_32' title="bbox 186 2728 1652 2783; baseline 0.001 -15"><span class='ocrx_word' id='word_1_205' title='bbox 186 2728 308 2781; x_wconf 83' lang='lat' dir='ltr'>xerit,</span> <span class='ocrx_word' id='word_1_206' title='bbox 340 2741 540 2768; x_wconf 89' lang='lat' dir='ltr'>numerus</span> <span class='ocrx_word' id='word_1_207' title='bbox 571 2730 746 2768; x_wconf 81' lang='lat' dir='ltr'><em>XXXX</em></span> <span class='ocrx_word' id='word_1_208' title='bbox 772 2728 815 2768; x_wconf 90' lang='lat' dir='ltr'>in</span> <span class='ocrx_word' id='word_1_209' title='bbox 839 2731 1025 2769; x_wconf 72' lang='lat' dir='ltr'><em>XXIIII</em></span> <span class='ocrx_word' id='word_1_210' title='bbox 1049 2728 1284 2782; x_wconf 89' lang='lat' dir='ltr'>corrigatur</span> <span class='ocrx_word' id='word_1_211' title='bbox 1313 2732 1490 2783; x_wconf 88' lang='lat' dir='ltr'>oportet.</span> <span class='ocrx_word' id='word_1_212' title='bbox 1549 2731 1652 2770; x_wconf 89' lang='lat' dir='ltr'>Item</span> 
     </span>
     <span class='ocr_line' id='line_1_33' title="bbox 187 2805 1654 2862; baseline 0.002 -16"><span class='ocrx_word' id='word_1_213' title='bbox 187 2805 224 2859; x_wconf 65' lang='grc' dir='ltr'>ἓ.</span> <span class='ocrx_word' id='word_1_214' title='bbox 264 2806 349 2849; x_wconf 83' lang='grc'><strong>133.</strong></span> <span class='ocrx_word' id='word_1_215' title='bbox 380 2820 402 2847; x_wconf 94' lang='lat' dir='ltr'>e</span> <span class='ocrx_word' id='word_1_216' title='bbox 433 2806 716 2862; x_wconf 87' lang='lat' dir='ltr'>Theophrasti</span> <span class='ocrx_word' id='word_1_217' title='bbox 753 2807 846 2847; x_wconf 92' lang='lat' dir='ltr'>loco</span> <span class='ocrx_word' id='word_1_218' title='bbox 876 2805 950 2847; x_wconf 84' lang='lat' dir='ltr'>IV.</span> <span class='ocrx_word' id='word_1_219' title='bbox 981 2806 1046 2849; x_wconf 83' lang='grc'>16.</span> <span class='ocrx_word' id='word_1_220' title='bbox 1076 2806 1115 2849; x_wconf 92' lang='grc'>2.</span> <span class='ocrx_word' id='word_1_221' title='bbox 1146 2820 1220 2862; x_wconf 89' lang='lat' dir='ltr'>pro</span> <span class='ocrx_word' id='word_1_222' title='bbox 1251 2810 1473 2858; x_wconf 78' lang='lat' dir='ltr'>quindecim</span> <span class='ocrx_word' id='word_1_223' title='bbox 1503 2812 1654 2850; x_wconf 76' lang='lat' dir='ltr'>cubilo-</span> 
     </span>
    </p>
   </div>
  </div>
 </body>
</html>
