1914 3237
0 1622 3 1671 ff

0 1679 2 1719 '

752 145 883 186 Liber
915 145 1029 190 VII.
1545 145 1625 188 135

151 265 386 320 legendum
430 279 532 308 esse
576 268 859 308 conieceram
909 280 1053 307 arcem
1099 274 1142 309 et
1183 267 1310 310 simul
1350 281 1622 321 monueram,

150 345 253 386 loco
289 345 414 386 Plinii
442 345 632 386 XXXV.
661 346 727 386 97.
756 345 863 398 (10.)
896 346 1058 399 evinci>
1097 347 1261 387 curiam
1291 347 1443 388 Iuliam
1475 348 1620 390 incen-

149 424 220 465 dio
249 424 506 465 Neroniano
537 437 626 464 non
660 436 763 463 esse
795 431 1119 476 consumptam.
1192 424 1322 470 Quod
1354 438 1450 465 cum
1482 426 1619 480 Berg-

147 502 265 542 kium
282 501 336 542 V.
358 501 407 542 D.
425 500 615 554 latuerit,
636 515 765 556 quum
783 501 875 542 Ind.
895 501 1106 555 praelect.
1125 501 1267 542 Marb.
1288 514 1326 544 a.
1343 502 1618 545 MDCCCLI.

147 579 260 633 p.X.
290 579 444 619 iisdem
477 580 623 620 verbis
655 579 711 619 ad
741 577 856 619 litem
894 591 1005 634 quae
1044 577 1142 619 olim
1182 578 1298 619 iusto
1329 580 1476 621 acrius
1506 580 1619 622 inter

145 655 395 697 Beckerum
424 664 468 697 et
499 670 567 697 me
598 656 763 710 agitata
792 664 905 705 erat,
940 656 1225 698 dirimendam
1255 664 1468 708 uteretur,
1500 658 1618 700 hanc

144 747 319 788 quoque
359 734 681 785 coniecturam,
717 748 831 790 quae
867 734 1018 789 Silligii
1052 735 1320 790 diligentiam
1361 750 1449 777 non
1493 736 1618 791 fugit,

144 812 214 854 hic
244 822 449 867 repetere
479 822 612 869 atque
644 814 775 868 paulo
808 815 986 856 uberius
1019 828 1245 869 exponere
1282 814 1442 856 licebit.
1502 815 1618 857 Fieri

143 893 255 934 enim
285 906 519 947 numquam
550 893 748 946 potuisse
779 901 824 933 ut
857 893 896 933 ei
927 893 1000 947 qui
1031 907 1056 933 a
1075 892 1236 934 Curiae
1265 893 1478 947 gradibus
1507 893 1617 935 solis

142 985 354 1012 occasum
370 972 647 1020 observaret,
679 985 705 1011 a
727 971 930 1013 columna
945 971 1121 1012 Maenia
1154 972 1209 1012 ad
1234 985 1460 1013 carcerem
1491 973 1615 1016 sidus

140 1049 341 1090 inclinari
371 1050 618 1101 videretur,
649 1049 689 1088 id
722 1056 766 1089 et
795 1050 848 1089 ab
881 1049 1082 1090 omnibus
1114 1050 1186 1104 qui
1204 1050 1369 1090 curiam
1386 1049 1615 1091 Hostiliam

139 1125 416 1181 gravissimis
451 1125 721 1179 argumentis
756 1126 943 1178 permoti
980 1127 1020 1166 in
1057 1139 1109 1167 ea
1148 1126 1231 1167 fori
1261 1127 1448 1167 Romani
1487 1136 1614 1182 parte

141 1205 494 1254 collocaverunt,
535 1218 650 1258 quae
676 1205 734 1244 ad
760 1205 983 1245 meridiem
1013 1205 1314 1260 orientemque
1345 1217 1556 1260 spectans
1588 1224 1615 1249 a

140 1285 267 1326 novis
297 1285 491 1325 tabernis
522 1284 759 1338 antiquitus
789 1284 1122 1338 appellabatur,
1157 1292 1440 1339 perspectum
1471 1292 1540 1326 est
1571 1294 1614 1327 et

138 1362 331 1417 quotidie
363 1363 534 1404 Romae
564 1363 809 1418 intelligere
842 1364 959 1405 licet.
1033 1364 1218 1405 Tantum
1251 1366 1364 1406 enim
1403 1366 1530 1407 abest
1567 1374 1614 1407 ut

137 1443 205 1486 sol
238 1458 378 1498 prope
406 1457 634 1486 carcerem
666 1446 857 1496 occidat,
889 1453 934 1486 ut
955 1458 981 1486 a
1002 1446 1183 1500 regione
1210 1445 1406 1487 carceris
1429 1458 1610 1487 emenso

137 1523 262 1565 caelo
302 1523 573 1564 meridionali
617 1523 671 1562 ad
713 1537 829 1572 eam,
861 1524 935 1564 ubi
970 1522 1175 1564 columna
1208 1523 1389 1564 Maenia
1427 1524 1610 1566 stetisse

137 1604 332 1658 putanda
367 1611 455 1653 est,
500 1610 541 1643 ct
572 1602 835 1656 Capitolium
876 1602 1113 1643 inclinetur
1150 1610 1193 1643 et
1223 1603 1412 1644 Tiberim
1452 1618 1611 1646 versus

137 1695 164 1722 a
200 1681 380 1723 sinistra
416 1689 543 1735 parte
581 1679 783 1734 Capitolii
822 1694 878 1721 ex
915 1679 1057 1721 oculis
1092 1680 1314 1721 hominum
1354 1690 1609 1724 evanescat.

139 1763 306 1804 Carcer
329 1762 440 1802 enim
470 1762 583 1802 inter
609 1761 824 1801 orientem
846 1768 889 1801 et
907 1762 1256 1815 septentrionem
1282 1760 1367 1801 fori
1396 1762 1505 1802 situs
1525 1769 1608 1804 est.

137 1843 424 1896 Quapropter
441 1837 859 1880 Bunsen.Descr.U.
870 1837 996 1878 Rom.
1013 1837 1179 1878 vollll.
1201 1838 1444 1892 p.11.p.43.
1467 1839 1608 1892 ipsam

137 1920 386 1961 columnam
414 1918 470 1958 ad
502 1929 734 1957 carcerem
764 1915 891 1956 sitam
922 1914 1063 1956 fuisse
1095 1916 1282 1969 putavit,
1321 1931 1346 1958 e
1384 1918 1508 1958 cuius
1539 1918 1609 1959 sa-

135 1999 264 2052 stigio
298 2009 518 2038 accensus
551 1993 800 2043 consulum,
834 1994 906 2034 ubi
935 1993 1073 2035 solem
1105 1993 1308 2035 inclinari
1338 1994 1409 2036 vel
1428 1994 1606 2049 Capito-

134 2076 190 2117 lio
233 2074 449 2117 abscondi
492 2072 900 2121 animadvertisset,
961 2085 1212 2126 supremam
1258 2075 1604 2127 pronuntiasset.

135 2155 276 2201 Quam
314 2151 655 2206 explicationem
691 2151 891 2190 certatim
931 2162 958 2189 a
988 2150 1094 2190 viris
1126 2151 1267 2191 doctis
1303 2150 1489 2193 resutam
1526 2152 1605 2207 (cf.

134 2232 311 2275 Miiller.
342 2233 383 2273 in
405 2230 564 2273 Bullet.
580 2230 712 2271 instit.
730 2228 958 2272 archaeol.
980 2227 1099 2270 1839.
1121 2244 1163 2283 p.
1184 2229 1264 2270 170
1282 2244 1379 2286 sqq.
1393 2265 1405 2285 ‚
1436 2232 1605 2274 Osann.

134 2310 202 2351 De
222 2310 306 2352 col.
322 2310 499 2351 Maenia
518 2325 561 2363 p.
575 2310 602 2350 8
620 2322 715 2364 sqq.
730 2339 742 2359 ‚
773 2308 964 2350 Becker.
986 2309 1112 2350 Rom.
1129 2310 1263 2365 antiq.
1280 2311 1366 2352 vol.
1390 2312 1421 2353 Ι.
1441 2327 1482 2366 p.
1499 2311 1603 2367 322)

135 2401 219 2442 ego
251 2400 422 2442 quoque
452 2387 495 2427 in
526 2386 674 2428 libello
709 2393 865 2440 contra
893 2386 1145 2428 Beckerum
1176 2389 1344 2443 scripto
1374 2390 1501 2432 Ram.
1520 2391 1604 2433 Το-

133 2479 260 2520 pogr.
279 2465 321 2506 in
344 2465 529 2520 Leipzig
549 2480 592 2519 p.
610 2464 682 2509 24.
716 2463 875 2505 falsam
903 2478 1006 2506 esse
1039 2465 1247 2507 intellexi.
1286 2468 1397 2509 Nam
1414 2476 1460 2510 ut
1481 2470 1602 2511 omit-

133 2551 220 2585 tam
252 2555 506 2597 supremam
536 2556 622 2584 non
652 2543 693 2583 in
725 2542 825 2584 foro
857 2543 938 2583 sed
960 2543 1166 2586 Varrone
1197 2552 1310 2587 teste
1341 2548 1388 2589 L.
1412 2547 1602 2592 L.V1.2.

132 2623 175 2663 in
204 2622 380 2663 comitio
408 2621 679 2676 pronuntiari
719 2620 893 2662 solitam
921 2634 1047 2672 esse,
1085 2629 1127 2663 et
1169 2622 1262 2664 fleri
1298 2625 1371 2665 vix
1400 2627 1603 2680 potuisse

135 2706 180 2741 ut
206 2699 397 2755 quotidie
427 2699 553 2741 scala
582 2699 760 2739 admota
790 2700 831 2739 in
863 2699 1110 2740 columnam
1140 2714 1360 2745 accensus
1387 2706 1601 2747 ascende-

133 2784 215 2828 ret,
238 2777 473 2832 „inclinato
489 2776 667 2820 sidere“
688 2789 774 2817 non
794 2786 961 2818 certum
984 2777 1160 2833 aliquod
1180 2781 1391 2834 temporis
1410 2796 1602 2824 momen-
