<?xml version="1.0" encoding="UTF-8"?>
<!DOCTYPE html PUBLIC "-//W3C//DTD XHTML 1.0 Transitional//EN"
    "http://www.w3.org/TR/xhtml1/DTD/xhtml1-transitional.dtd">
<html xmlns="http://www.w3.org/1999/xhtml" xml:lang="en" lang="en">
 <head>
  <title>
</title>
<meta http-equiv="Content-Type" content="text/html;charset=utf-8" />
  <meta name='ocr-system' content='tesseract 3.04.00' />
  <meta name='ocr-capabilities' content='ocr_page ocr_carea ocr_par ocr_line ocrx_word'/>
</head>
<body>
  <div class='ocr_page' id='page_1' title='image "./vindiciaeplinian00urliuoft_0122.png"; bbox 0 0 1914 3237; ppageno 0'>
   <div class='ocr_carea' id='block_1_1' title="bbox 164 2121 242 2162">
    <p class='ocr_par' dir='ltr' id='par_1_1' title="bbox 164 2121 242 2162">
     <span class='ocr_line' id='line_1_1' title="bbox 164 2121 242 2162; baseline 0 0"><span class='ocrx_word' id='word_1_1' title='bbox 164 2121 242 2162; x_wconf 80' lang='grc'>146</span> 
     </span>
    </p>
   </div>
   <div class='ocr_carea' id='block_1_2' title="bbox 253 107 1109 161">
    <p class='ocr_par' dir='ltr' id='par_1_2' title="bbox 253 107 1109 161">
     <span class='ocr_line' id='line_1_2' title="bbox 253 107 1109 161; baseline -0.014 0"><span class='ocrx_word' id='word_1_2' title='bbox 253 119 335 161; x_wconf 81' lang='grc'>118</span> <span class='ocrx_word' id='word_1_3' title='bbox 862 108 993 151; x_wconf 79' lang='lat' dir='ltr'>Liber</span> <span class='ocrx_word' id='word_1_4' title='bbox 1023 107 1109 151; x_wconf 87' lang='lat' dir='ltr'>VI.</span> 
     </span>
    </p>
   </div>
   <div class='ocr_carea' id='block_1_3' title="bbox 255 227 1729 840">
    <p class='ocr_par' dir='ltr' id='par_1_3' title="bbox 255 227 1729 840">
     <span class='ocr_line' id='line_1_3' title="bbox 260 227 1725 292; baseline -0.01 -10"><span class='ocrx_word' id='word_1_5' title='bbox 260 239 492 292; x_wconf 82' lang='lat' dir='ltr'><strong>Aethiopia</strong></span> <span class='ocrx_word' id='word_1_6' title='bbox 524 235 685 277; x_wconf 82' lang='lat' dir='ltr'>saetam</span> <span class='ocrx_word' id='word_1_7' title='bbox 719 247 819 275; x_wconf 83' lang='grc'><strong>0550</strong></span> <span class='ocrx_word' id='word_1_8' title='bbox 853 233 954 274; x_wconf 89' lang='lat' dir='ltr'>dicit</span> <span class='ocrx_word' id='word_1_9' title='bbox 989 231 1166 273; x_wconf 79' lang='lat' dir='ltr'>Plinius,</span> <span class='ocrx_word' id='word_1_10' title='bbox 1226 227 1624 283; x_wconf 80' lang='lat' dir='ltr'>luterpungendum</span> <span class='ocrx_word' id='word_1_11' title='bbox 1657 233 1725 268; x_wconf 84' lang='lat' dir='ltr'>est</span> 
     </span>
     <span class='ocr_line' id='line_1_4' title="bbox 257 304 1724 372; baseline -0.01 -13"><span class='ocrx_word' id='word_1_12' title='bbox 257 320 405 372; x_wconf 79' lang='lat' dir='ltr'>igitur:</span> <span class='ocrx_word' id='word_1_13' title='bbox 441 317 538 356; x_wconf 61' lang='lat' dir='ltr'>ss&#39;ec</span> <span class='ocrx_word' id='word_1_14' title='bbox 568 321 710 354; x_wconf 72' lang='lat' dir='ltr'>tannen</span> <span class='ocrx_word' id='word_1_15' title='bbox 741 328 863 352; x_wconf 74' lang='lat' dir='ltr'>arena</span> <span class='ocrx_word' id='word_1_16' title='bbox 886 314 1082 353; x_wconf 81' lang='lat' dir='ltr'>Romanu</span> <span class='ocrx_word' id='word_1_17' title='bbox 1115 309 1173 350; x_wconf 81' lang='lat' dir='ltr'>ibi</span> <span class='ocrx_word' id='word_1_18' title='bbox 1198 308 1473 350; x_wconf 79' lang='lat' dir='ltr'><em>solitudinem</em></span> <span class='ocrx_word' id='word_1_19' title='bbox 1501 304 1724 362; x_wconf 70' lang='lat' dir='ltr'>fecerunt:</span> 
     </span>
     <span class='ocr_line' id='line_1_5' title="bbox 255 386 1725 451; baseline -0.009 -15"><span class='ocrx_word' id='word_1_20' title='bbox 255 395 559 451; x_wconf 69' lang='lat' dir='ltr'>Aewptiormn</span> <span class='ocrx_word' id='word_1_21' title='bbox 595 393 672 434; x_wconf 85' lang='lat' dir='ltr'>rel.</span> <span class='ocrx_word' id='word_1_22' title='bbox 752 392 989 432; x_wconf 70' lang='lat' dir='ltr'>Numerum</span> <span class='ocrx_word' id='word_1_23' title='bbox 1026 398 1170 430; x_wconf 88' lang='lat' dir='ltr'>autem</span> <span class='ocrx_word' id='word_1_24' title='bbox 1217 389 1329 428; x_wconf 72' lang='lat' dir='ltr'>iusto</span> <span class='ocrx_word' id='word_1_25' title='bbox 1373 386 1580 426; x_wconf 86' lang='lat' dir='ltr'>maiorem</span> <span class='ocrx_word' id='word_1_26' title='bbox 1622 398 1725 424; x_wconf 85' lang='lat' dir='ltr'>esse</span> 
     </span>
     <span class='ocr_line' id='line_1_6' title="bbox 257 466 1724 528; baseline -0.009 -13"><span class='ocrx_word' id='word_1_27' title='bbox 257 480 456 528; x_wconf 83' lang='lat' dir='ltr'>apparet.</span> <span class='ocrx_word' id='word_1_28' title='bbox 520 471 632 512; x_wconf 69' lang='lat' dir='ltr'>Nam</span> <span class='ocrx_word' id='word_1_29' title='bbox 668 469 913 510; x_wconf 77' lang='lat' dir='ltr'>Petronium</span> <span class='ocrx_word' id='word_1_30' title='bbox 956 482 1042 508; x_wconf 91' lang='lat' dir='ltr'>non</span> <span class='ocrx_word' id='word_1_31' title='bbox 1085 466 1195 507; x_wconf 85' lang='lat' dir='ltr'>ultra</span> <span class='ocrx_word' id='word_1_32' title='bbox 1226 466 1402 519; x_wconf 76' lang='lat' dir='ltr'>Napata</span> <span class='ocrx_word' id='word_1_33' title='bbox 1438 476 1724 518; x_wconf 80' lang='lat' dir='ltr'>progressum</span> 
     </span>
     <span class='ocr_line' id='line_1_7' title="bbox 257 544 1727 601; baseline -0.007 -9"><span class='ocrx_word' id='word_1_34' title='bbox 257 565 361 592; x_wconf 90' lang='grc'><strong>0550</strong></span> <span class='ocrx_word' id='word_1_35' title='bbox 393 551 554 592; x_wconf 89' lang='lat' dir='ltr'>Strabo</span> <span class='ocrx_word' id='word_1_36' title='bbox 587 547 875 601; x_wconf 67' lang='lat' dir='ltr'>xx&#39;1.p.8·20.</span> <span class='ocrx_word' id='word_1_37' title='bbox 909 555 952 588; x_wconf 90' lang='lat' dir='ltr'>et</span> <span class='ocrx_word' id='word_1_38' title='bbox 984 547 1065 587; x_wconf 86' lang='lat' dir='ltr'>Dio</span> <span class='ocrx_word' id='word_1_39' title='bbox 1095 545 1262 586; x_wconf 66' lang='lat' dir='ltr'>1,1v.5.</span> <span class='ocrx_word' id='word_1_40' title='bbox 1292 544 1579 592; x_wconf 76' lang='lat' dir='ltr'>tradiderunt,</span> <span class='ocrx_word' id='word_1_41' title='bbox 1612 554 1727 596; x_wconf 66' lang='lat' dir='ltr'>quem</span> 
     </span>
     <span class='ocr_line' id='line_1_8' title="bbox 256 620 1726 681; baseline -0.007 -11"><span class='ocrx_word' id='word_1_42' title='bbox 256 629 359 671; x_wconf 81' lang='lat' dir='ltr'>DXI</span> <span class='ocrx_word' id='word_1_43' title='bbox 387 627 471 670; x_wconf 81' lang='lat' dir='ltr'>mil.</span> <span class='ocrx_word' id='word_1_44' title='bbox 505 643 546 681; x_wconf 87' lang='lat' dir='ltr'>p.</span> <span class='ocrx_word' id='word_1_45' title='bbox 581 639 608 667; x_wconf 87' lang='lat' dir='ltr'>a</span> <span class='ocrx_word' id='word_1_46' title='bbox 640 627 790 679; x_wconf 72' lang='lat' dir='ltr'>Syene</span> <span class='ocrx_word' id='word_1_47' title='bbox 817 624 1016 665; x_wconf 67' lang='lat' dir='ltr'>abfuisse</span> <span class='ocrx_word' id='word_1_48' title='bbox 1047 624 1147 664; x_wconf 82' lang='lat' dir='ltr'>inde</span> <span class='ocrx_word' id='word_1_49' title='bbox 1179 622 1412 677; x_wconf 67' lang='lat' dir='ltr'>colligitur,</span> <span class='ocrx_word' id='word_1_50' title='bbox 1443 620 1726 676; x_wconf 69' lang='lat' dir='ltr'>quocl§.184.</span> 
     </span>
     <span class='ocr_line' id='line_1_9' title="bbox 259 698 1729 760; baseline -0.007 -12"><span class='ocrx_word' id='word_1_51' title='bbox 259 708 414 748; x_wconf 84' lang='lat' dir='ltr'>Meroe</span> <span class='ocrx_word' id='word_1_52' title='bbox 446 719 472 746; x_wconf 84' lang='lat' dir='ltr'>a</span> <span class='ocrx_word' id='word_1_53' title='bbox 504 706 652 760; x_wconf 84' lang='lat' dir='ltr'>Syene</span> <span class='ocrx_word' id='word_1_54' title='bbox 684 702 1025 743; x_wconf 77' lang='lat' dir='ltr'>DCCCGLXXI</span> <span class='ocrx_word' id='word_1_55' title='bbox 1054 701 1134 742; x_wconf 81' lang='lat' dir='ltr'>mil.</span> <span class='ocrx_word' id='word_1_56' title='bbox 1162 716 1225 755; x_wconf 67' lang='grc' dir='ltr'>ῃ,</span> <span class='ocrx_word' id='word_1_57' title='bbox 1255 713 1282 740; x_wconf 86' lang='lat' dir='ltr'>a</span> <span class='ocrx_word' id='word_1_58' title='bbox 1312 700 1500 753; x_wconf 84' lang='lat' dir='ltr'>Napatis</span> <span class='ocrx_word' id='word_1_59' title='bbox 1533 698 1729 739; x_wconf 74' lang='lat' dir='ltr'>CCCLX</span> 
     </span>
     <span class='ocr_line' id='line_1_10' title="bbox 258 779 1729 840; baseline -0.007 -14"><span class='ocrx_word' id='word_1_60' title='bbox 258 785 342 826; x_wconf 84' lang='lat' dir='ltr'>mil.</span> <span class='ocrx_word' id='word_1_61' title='bbox 373 801 416 840; x_wconf 87' lang='lat' dir='ltr'>p.</span> <span class='ocrx_word' id='word_1_62' title='bbox 447 785 529 824; x_wconf 86' lang='lat' dir='ltr'>itcr</span> <span class='ocrx_word' id='word_1_63' title='bbox 558 797 662 824; x_wconf 84' lang='grc'><strong>0550</strong></span> <span class='ocrx_word' id='word_1_64' title='bbox 692 789 910 822; x_wconf 77' lang='lat' dir='ltr'>narratur.</span> <span class='ocrx_word' id='word_1_65' title='bbox 977 781 1012 820; x_wconf 81' lang='lat' dir='ltr'>E</span> <span class='ocrx_word' id='word_1_66' title='bbox 1046 782 1246 833; x_wconf 75' lang='lat' dir='ltr'>proximo</span> <span class='ocrx_word' id='word_1_67' title='bbox 1278 779 1406 833; x_wconf 78' lang='lat' dir='ltr'>igitur</span> <span class='ocrx_word' id='word_1_68' title='bbox 1436 791 1618 818; x_wconf 86' lang='lat' dir='ltr'>numero</span> <span class='ocrx_word' id='word_1_69' title='bbox 1649 791 1729 817; x_wconf 88' lang='lat' dir='ltr'>no-</span> 
     </span>
    </p>
   </div>
   <div class='ocr_carea' id='block_1_4' title="bbox 259 856 1729 915">
    <p class='ocr_par' dir='ltr' id='par_1_4' title="bbox 259 856 1729 915">
     <span class='ocr_line' id='line_1_11' title="bbox 259 856 1729 915; baseline -0.005 -10"><span class='ocrx_word' id='word_1_70' title='bbox 259 872 352 906; x_wconf 86' lang='lat' dir='ltr'>ster</span> <span class='ocrx_word' id='word_1_71' title='bbox 369 863 491 904; x_wconf 82' lang='lat' dir='ltr'>locus</span> <span class='ocrx_word' id='word_1_72' title='bbox 515 868 765 915; x_wconf 74' lang='lat' dir='ltr'>corruptus,</span> <span class='ocrx_word' id='word_1_73' title='bbox 795 867 928 900; x_wconf 84' lang='lat' dir='ltr'>antea</span> <span class='ocrx_word' id='word_1_74' title='bbox 952 857 1217 912; x_wconf 62' lang='lat' dir='ltr'>D,x&#39;[1›2il.p.</span> <span class='ocrx_word' id='word_1_75' title='bbox 1239 856 1376 898; x_wconf 70' lang='lat' dir='ltr'>fuisse</span> <span class='ocrx_word' id='word_1_76' title='bbox 1407 856 1625 910; x_wconf 86' lang='lat' dir='ltr'>putandus</span> <span class='ocrx_word' id='word_1_77' title='bbox 1645 863 1729 898; x_wconf 86' lang='lat' dir='ltr'>est.</span> 
     </span>
    </p>
   </div>
   <div class='ocr_carea' id='block_1_5' title="bbox 811 980 1182 1040">
    <p class='ocr_par' dir='ltr' id='par_1_5' title="bbox 811 980 1182 1040">
     <span class='ocr_line' id='line_1_12' title="bbox 811 980 1182 1040; baseline -0.003 -12"><span class='ocrx_word' id='word_1_78' title='bbox 811 980 908 1028; x_wconf 82' lang='lat'>190</span> <span class='ocrx_word' id='word_1_79' title='bbox 927 1005 977 1024; x_wconf 61' lang='grc' dir='ltr'><strong>Ξ</strong></span> <span class='ocrx_word' id='word_1_80' title='bbox 1000 980 1078 1040; x_wconf 81' lang='lat'>30,</span> <span class='ocrx_word' id='word_1_81' title='bbox 1105 980 1182 1027; x_wconf 81' lang='lat'>35.</span> 
     </span>
    </p>
   </div>
   <div class='ocr_carea' id='block_1_6' title="bbox 328 1078 1731 1146">
    <p class='ocr_par' dir='ltr' id='par_1_6' title="bbox 328 1078 1731 1146">
     <span class='ocr_line' id='line_1_13' title="bbox 328 1078 1731 1146; baseline -0.006 -13"><span class='ocrx_word' id='word_1_82' title='bbox 328 1086 395 1133; x_wconf 87' lang='lat' dir='ltr'>At</span> <span class='ocrx_word' id='word_1_83' title='bbox 433 1100 495 1132; x_wconf 81' lang='lat' dir='ltr'>ex</span> <span class='ocrx_word' id='word_1_84' title='bbox 533 1083 730 1132; x_wconf 86' lang='lat' dir='ltr'>Africae</span> <span class='ocrx_word' id='word_1_85' title='bbox 770 1088 906 1146; x_wconf 85' lang='lat' dir='ltr'>parte</span> <span class='ocrx_word' id='word_1_86' title='bbox 953 1079 1268 1140; x_wconf 82' lang='lat' dir='ltr'>Medimni,</span> <span class='ocrx_word' id='word_1_87' title='bbox 1309 1078 1444 1126; x_wconf 84' lang='lat' dir='ltr'>(lein</span> <span class='ocrx_word' id='word_1_88' title='bbox 1486 1078 1731 1126; x_wconf 81' lang='lat' dir='ltr'>Nomades</span> 
     </span>
    </p>
   </div>
   <div class='ocr_carea' id='block_1_7' title="bbox 331 1170 1300 1239">
    <p class='ocr_par' dir='ltr' id='par_1_7' title="bbox 331 1170 1300 1239">
     <span class='ocr_line' id='line_1_14' title="bbox 331 1170 1300 1239; baseline -0.008 -16"><span class='ocrx_word' id='word_1_89' title='bbox 331 1174 773 1239; x_wconf 82' lang='lat' dir='ltr'>cynocephalorum</span> <span class='ocrx_word' id='word_1_90' title='bbox 811 1172 936 1218; x_wconf 89' lang='lat' dir='ltr'>lacte</span> <span class='ocrx_word' id='word_1_91' title='bbox 966 1170 1182 1219; x_wconf 72' lang='lat' dir='ltr'>viventes</span> <span class='ocrx_word' id='word_1_92' title='bbox 1219 1170 1300 1216; x_wconf 82' lang='lat' dir='ltr'>rel.</span> 
     </span>
    </p>
   </div>
   <div class='ocr_carea' id='block_1_8' title="bbox 261 1280 1738 1966">
    <p class='ocr_par' dir='ltr' id='par_1_8' title="bbox 261 1280 1738 1966">
     <span class='ocr_line' id='line_1_15' title="bbox 371 1280 1729 1333; baseline -0.006 -5"><span class='ocrx_word' id='word_1_93' title='bbox 371 1288 460 1328; x_wconf 88' lang='lat' dir='ltr'>Aut</span> <span class='ocrx_word' id='word_1_94' title='bbox 487 1286 559 1326; x_wconf 86' lang='lat' dir='ltr'>hie</span> <span class='ocrx_word' id='word_1_95' title='bbox 589 1284 842 1325; x_wconf 78' lang='lat' dir='ltr'>Menismini</span> <span class='ocrx_word' id='word_1_96' title='bbox 864 1290 939 1324; x_wconf 85' lang='lat' dir='ltr'>aut</span> <span class='ocrx_word' id='word_1_97' title='bbox 971 1283 1057 1324; x_wconf 79' lang='lat' dir='ltr'>Vll.</span> <span class='ocrx_word' id='word_1_98' title='bbox 1077 1283 1152 1333; x_wconf 74' lang='grc'>81,</span> <span class='ocrx_word' id='word_1_99' title='bbox 1189 1283 1260 1323; x_wconf 86' lang='lat' dir='ltr'>ubi</span> <span class='ocrx_word' id='word_1_100' title='bbox 1293 1282 1449 1323; x_wconf 80' lang='lat' dir='ltr'>eadem</span> <span class='ocrx_word' id='word_1_101' title='bbox 1480 1280 1631 1321; x_wconf 87' lang='lat' dir='ltr'>fabula</span> <span class='ocrx_word' id='word_1_102' title='bbox 1660 1293 1729 1321; x_wconf 84' lang='lat' dir='ltr'>re-</span> 
     </span>
     <span class='ocr_line' id='line_1_16' title="bbox 261 1361 1733 1418; baseline -0.003 -13"><span class='ocrx_word' id='word_1_103' title='bbox 261 1365 441 1418; x_wconf 87' lang='lat' dir='ltr'>petitur,</span> <span class='ocrx_word' id='word_1_104' title='bbox 476 1364 799 1405; x_wconf 70' lang='lat' dir='ltr'>Ille-‹limnornm</span> <span class='ocrx_word' id='word_1_105' title='bbox 835 1363 1065 1418; x_wconf 77' lang='lat' dir='ltr'>legendum</span> <span class='ocrx_word' id='word_1_106' title='bbox 1104 1376 1207 1403; x_wconf 82' lang='lat' dir='ltr'>esse</span> <span class='ocrx_word' id='word_1_107' title='bbox 1237 1369 1359 1403; x_wconf 84' lang='lat' dir='ltr'>reete</span> <span class='ocrx_word' id='word_1_108' title='bbox 1389 1361 1615 1402; x_wconf 84' lang='lat' dir='ltr'>Barbarus</span> <span class='ocrx_word' id='word_1_109' title='bbox 1647 1375 1733 1401; x_wconf 89' lang='lat' dir='ltr'>mo-</span> 
     </span>
     <span class='ocr_line' id='line_1_17' title="bbox 261 1438 1732 1495; baseline -0.002 -13"><span class='ocrx_word' id='word_1_110' title='bbox 261 1443 365 1483; x_wconf 87' lang='lat' dir='ltr'>nuit.</span> <span class='ocrx_word' id='word_1_111' title='bbox 425 1441 630 1483; x_wconf 89' lang='lat' dir='ltr'>Ceterum</span> <span class='ocrx_word' id='word_1_112' title='bbox 666 1442 691 1481; x_wconf 92' lang='lat' dir='ltr'>ii</span> <span class='ocrx_word' id='word_1_113' title='bbox 723 1441 947 1481; x_wconf 68' lang='lat' dir='ltr'>Nomades</span> <span class='ocrx_word' id='word_1_114' title='bbox 978 1441 1049 1495; x_wconf 85' lang='lat' dir='ltr'>qni</span> <span class='ocrx_word' id='word_1_115' title='bbox 1082 1439 1487 1495; x_wconf 70' lang='lat' dir='ltr'>cynocephalorum</span> <span class='ocrx_word' id='word_1_116' title='bbox 1520 1438 1636 1480; x_wconf 88' lang='lat' dir='ltr'>laete</span> <span class='ocrx_word' id='word_1_117' title='bbox 1666 1439 1732 1479; x_wconf 81' lang='lat' dir='ltr'>vi-</span> 
     </span>
     <span class='ocr_line' id='line_1_18' title="bbox 261 1516 1734 1574; baseline -0.002 -14"><span class='ocrx_word' id='word_1_118' title='bbox 261 1527 385 1570; x_wconf 76' lang='lat' dir='ltr'>vunt,</span> <span class='ocrx_word' id='word_1_119' title='bbox 414 1520 499 1574; x_wconf 83' lang='lat' dir='ltr'>ipsi</span> <span class='ocrx_word' id='word_1_120' title='bbox 532 1526 633 1560; x_wconf 88' lang='lat' dir='ltr'>sunt</span> <span class='ocrx_word' id='word_1_121' title='bbox 669 1519 937 1568; x_wconf 81' lang='lat' dir='ltr'>Menismini‚</span> <span class='ocrx_word' id='word_1_122' title='bbox 983 1533 1166 1572; x_wconf 85' lang='lat' dir='ltr'>quorum</span> <span class='ocrx_word' id='word_1_123' title='bbox 1197 1531 1356 1558; x_wconf 86' lang='lat' dir='ltr'>nomen</span> <span class='ocrx_word' id='word_1_124' title='bbox 1389 1518 1506 1571; x_wconf 80' lang='lat' dir='ltr'>apud</span> <span class='ocrx_word' id='word_1_125' title='bbox 1539 1516 1734 1558; x_wconf 84' lang='lat' dir='ltr'>Solinum</span> 
     </span>
     <span class='ocr_line' id='line_1_19' title="bbox 268 1595 1738 1652; baseline -0.005 -13"><span class='ocrx_word' id='word_1_126' title='bbox 268 1610 365 1652; x_wconf 80' lang='lat' dir='ltr'>cap.</span> <span class='ocrx_word' id='word_1_127' title='bbox 381 1596 449 1638; x_wconf 86' lang='lat'>30.</span> <span class='ocrx_word' id='word_1_128' title='bbox 479 1596 702 1638; x_wconf 82' lang='lat' dir='ltr'>omittitur.</span> <span class='ocrx_word' id='word_1_129' title='bbox 761 1596 912 1650; x_wconf 89' lang='lat' dir='ltr'>Itaque</span> <span class='ocrx_word' id='word_1_130' title='bbox 941 1595 1158 1635; x_wconf 81' lang='lat' dir='ltr'>Medimni</span> <span class='ocrx_word' id='word_1_131' title='bbox 1185 1596 1256 1635; x_wconf 71' lang='lat' dir='ltr'>clei</span> <span class='ocrx_word' id='word_1_132' title='bbox 1282 1596 1323 1635; x_wconf 88' lang='lat' dir='ltr'>in</span> <span class='ocrx_word' id='word_1_133' title='bbox 1344 1595 1598 1635; x_wconf 73' lang='lat' dir='ltr'>Menismini</span> <span class='ocrx_word' id='word_1_134' title='bbox 1619 1596 1738 1636; x_wconf 78' lang='lat' dir='ltr'>vide.</span> 
     </span>
     <span class='ocr_line' id='line_1_20' title="bbox 265 1671 1737 1726; baseline -0.003 -7"><span class='ocrx_word' id='word_1_135' title='bbox 265 1686 336 1719; x_wconf 86' lang='lat' dir='ltr'>tur</span> <span class='ocrx_word' id='word_1_136' title='bbox 366 1676 616 1717; x_wconf 85' lang='lat' dir='ltr'>mutandum</span> <span class='ocrx_word' id='word_1_137' title='bbox 649 1687 766 1723; x_wconf 77' lang='grc'><strong>0550,</strong></span> <span class='ocrx_word' id='word_1_138' title='bbox 798 1674 868 1714; x_wconf 86' lang='lat' dir='ltr'>eui</span> <span class='ocrx_word' id='word_1_139' title='bbox 899 1686 923 1714; x_wconf 88' lang='lat' dir='ltr'>e</span> <span class='ocrx_word' id='word_1_140' title='bbox 951 1673 1151 1726; x_wconf 79' lang='lat' dir='ltr'>proximo</span> <span class='ocrx_word' id='word_1_141' title='bbox 1179 1672 1397 1713; x_wconf 84' lang='lat' dir='ltr'>vocabulo</span> <span class='ocrx_word' id='word_1_142' title='bbox 1427 1671 1569 1713; x_wconf 86' lang='lat' dir='ltr'>littera</span> <span class='ocrx_word' id='word_1_143' title='bbox 1603 1688 1632 1712; x_wconf 85' lang='grc' dir='ltr'><strong>η</strong></span> <span class='ocrx_word' id='word_1_144' title='bbox 1664 1687 1737 1714; x_wconf 86' lang='lat' dir='ltr'>ac-</span> 
     </span>
     <span class='ocr_line' id='line_1_21' title="bbox 266 1750 1738 1807; baseline -0.003 -11"><span class='ocrx_word' id='word_1_145' title='bbox 266 1756 415 1797; x_wconf 84' lang='lat' dir='ltr'>crevit.</span> <span class='ocrx_word' id='word_1_146' title='bbox 476 1751 775 1807; x_wconf 79' lang='lat' dir='ltr'>Cynamolgos</span> <span class='ocrx_word' id='word_1_147' title='bbox 807 1759 952 1791; x_wconf 87' lang='lat' dir='ltr'>autem</span> <span class='ocrx_word' id='word_1_148' title='bbox 983 1750 1095 1791; x_wconf 83' lang='lat' dir='ltr'>infra</span> <span class='ocrx_word' id='word_1_149' title='bbox 1114 1752 1154 1806; x_wconf 61' lang='grc' dir='ltr'>ξ.</span> <span class='ocrx_word' id='word_1_150' title='bbox 1174 1750 1264 1793; x_wconf 82' lang='grc'>195.</span> <span class='ocrx_word' id='word_1_151' title='bbox 1293 1764 1390 1791; x_wconf 91' lang='lat' dir='ltr'>cum</span> <span class='ocrx_word' id='word_1_152' title='bbox 1410 1751 1738 1806; x_wconf 74' lang='lat' dir='ltr'>Cynocephalis</span> 
     </span>
     <span class='ocr_line' id='line_1_22' title="bbox 264 1828 1735 1887; baseline -0.003 -14"><span class='ocrx_word' id='word_1_153' title='bbox 264 1831 505 1887; x_wconf 83' lang='lat' dir='ltr'>permutari</span> <span class='ocrx_word' id='word_1_154' title='bbox 534 1831 780 1871; x_wconf 84' lang='lat' dir='ltr'>Frietenius</span> <span class='ocrx_word' id='word_1_155' title='bbox 806 1828 870 1869; x_wconf 87' lang='lat' dir='ltr'>De</span> <span class='ocrx_word' id='word_1_156' title='bbox 899 1828 1232 1881; x_wconf 64' lang='lat' dir='ltr'>Agathan-clude</span> <span class='ocrx_word' id='word_1_157' title='bbox 1260 1828 1383 1883; x_wconf 54' lang='lat'>1248.</span> <span class='ocrx_word' id='word_1_158' title='bbox 1414 1830 1735 1870; x_wconf 81' lang='lat' dir='ltr'>animadvertit.</span> 
     </span>
     <span class='ocr_line' id='line_1_23' title="bbox 267 1898 1738 1966; baseline -0.002 -15"><span class='ocrx_word' id='word_1_159' title='bbox 267 1912 303 1966; x_wconf 56' lang='grc' dir='ltr'>ἓ.</span> <span class='ocrx_word' id='word_1_160' title='bbox 331 1910 422 1951; x_wconf 86' lang='grc'>191.</span> <span class='ocrx_word' id='word_1_161' title='bbox 456 1923 536 1963; x_wconf 83' lang='lat' dir='ltr'>pro</span> <span class='ocrx_word' id='word_1_162' title='bbox 569 1907 682 1949; x_wconf 74' lang='lat' dir='ltr'>CCC</span> <span class='ocrx_word' id='word_1_163' title='bbox 713 1906 847 1947; x_wconf 87' lang='lat' dir='ltr'>scribi</span> <span class='ocrx_word' id='word_1_164' title='bbox 880 1905 1020 1945; x_wconf 88' lang='lat' dir='ltr'>malim</span> <span class='ocrx_word' id='word_1_165' title='bbox 1055 1898 1190 1956; x_wconf 68' lang='lat' dir='ltr'>CCC,</span> <span class='ocrx_word' id='word_1_166' title='bbox 1231 1921 1361 1961; x_wconf 89' lang='lat' dir='ltr'>quum</span> <span class='ocrx_word' id='word_1_167' title='bbox 1395 1907 1520 1949; x_wconf 87' lang='lat' dir='ltr'>nimis</span> <span class='ocrx_word' id='word_1_168' title='bbox 1551 1908 1738 1963; x_wconf 75' lang='lat' dir='ltr'>exiguus</span> 
     </span>
    </p>
   </div>
   <div class='ocr_carea' id='block_1_9' title="bbox 266 1984 1404 2044">
    <p class='ocr_par' dir='ltr' id='par_1_9' title="bbox 266 1984 1404 2044">
     <span class='ocr_line' id='line_1_24' title="bbox 266 1984 1404 2044; baseline -0.004 -14"><span class='ocrx_word' id='word_1_169' title='bbox 266 1989 592 2044; x_wconf 78' lang='lat' dir='ltr'>transfugarum</span> <span class='ocrx_word' id='word_1_170' title='bbox 622 2000 831 2028; x_wconf 86' lang='lat' dir='ltr'>numerus</span> <span class='ocrx_word' id='word_1_171' title='bbox 865 1984 1024 2039; x_wconf 85' lang='lat' dir='ltr'>alioqui</span> <span class='ocrx_word' id='word_1_172' title='bbox 1057 1999 1159 2026; x_wconf 86' lang='grc'><strong>0550</strong></span> <span class='ocrx_word' id='word_1_173' title='bbox 1190 1986 1404 2026; x_wconf 76' lang='lat' dir='ltr'>videatur,</span> 
     </span>
    </p>
   </div>
   <div class='ocr_carea' id='block_1_10' title="bbox 821 2107 1195 2154">
    <p class='ocr_par' dir='ltr' id='par_1_10' title="bbox 821 2107 1195 2154">
     <span class='ocr_line' id='line_1_25' title="bbox 821 2107 1195 2154; baseline 0 0"><span class='ocrx_word' id='word_1_174' title='bbox 821 2107 916 2154; x_wconf 67' lang='lat'>194</span> <span class='ocrx_word' id='word_1_175' title='bbox 933 2130 983 2150; x_wconf 90' lang='lat'><strong><em>=</em></strong></span> <span class='ocrx_word' id='word_1_176' title='bbox 1000 2107 1195 2154; x_wconf 84' lang='lat' dir='ltr'>ibidem.</span> 
     </span>
    </p>
   </div>
   <div class='ocr_carea' id='block_1_11' title="bbox 333 2207 1740 2438">
    <p class='ocr_par' dir='ltr' id='par_1_11' title="bbox 333 2207 1740 2438">
     <span class='ocr_line' id='line_1_26' title="bbox 364 2207 1740 2273; baseline -0.003 -15"><span class='ocrx_word' id='word_1_177' title='bbox 364 2247 399 2258; x_wconf 86' lang='lat'>..</span> <span class='ocrx_word' id='word_1_178' title='bbox 433 2210 620 2273; x_wconf 82' lang='lat' dir='ltr'>reliqua</span> <span class='ocrx_word' id='word_1_179' title='bbox 657 2209 869 2267; x_wconf 83' lang='lat' dir='ltr'>deserta,</span> <span class='ocrx_word' id='word_1_180' title='bbox 903 2207 1079 2255; x_wconf 85' lang='lat' dir='ltr'>deinde</span> <span class='ocrx_word' id='word_1_181' title='bbox 1116 2208 1439 2255; x_wconf 86' lang='lat' dir='ltr'>sabulosis.</span> <span class='ocrx_word' id='word_1_182' title='bbox 1504 2208 1581 2255; x_wconf 79' lang='lat' dir='ltr'>Ad</span> <span class='ocrx_word' id='word_1_183' title='bbox 1614 2209 1740 2255; x_wconf 86' lang='lat' dir='ltr'>occi—</span> 
     </span>
     <span class='ocr_line' id='line_1_27' title="bbox 337 2298 1739 2362; baseline -0.001 -15"><span class='ocrx_word' id='word_1_184' title='bbox 337 2301 530 2347; x_wconf 79' lang='lat' dir='ltr'>dentem</span> <span class='ocrx_word' id='word_1_185' title='bbox 557 2316 727 2346; x_wconf 76' lang='lat' dir='ltr'>versus</span> <span class='ocrx_word' id='word_1_186' title='bbox 746 2298 976 2361; x_wconf 77' lang='lat' dir='ltr'>Nigroae,</span> <span class='ocrx_word' id='word_1_187' title='bbox 1009 2316 1213 2362; x_wconf 85' lang='lat' dir='ltr'>quorum</span> <span class='ocrx_word' id='word_1_188' title='bbox 1246 2315 1334 2345; x_wconf 84' lang='lat' dir='ltr'>rex</span> <span class='ocrx_word' id='word_1_189' title='bbox 1368 2315 1512 2346; x_wconf 91' lang='lat' dir='ltr'>unum</span> <span class='ocrx_word' id='word_1_190' title='bbox 1547 2300 1739 2347; x_wconf 85' lang='lat' dir='ltr'>oculum</span> 
     </span>
     <span class='ocr_line' id='line_1_28' title="bbox 333 2389 874 2438; baseline -0.006 0"><span class='ocrx_word' id='word_1_191' title='bbox 333 2390 382 2438; x_wconf 87' lang='lat' dir='ltr'>in</span> <span class='ocrx_word' id='word_1_192' title='bbox 418 2391 577 2437; x_wconf 82' lang='lat' dir='ltr'>fronte</span> <span class='ocrx_word' id='word_1_193' title='bbox 614 2389 759 2436; x_wconf 78' lang='lat' dir='ltr'>habet</span> <span class='ocrx_word' id='word_1_194' title='bbox 794 2394 874 2435; x_wconf 82' lang='lat' dir='ltr'>rel.</span> 
     </span>
    </p>
   </div>
   <div class='ocr_carea' id='block_1_12' title="bbox 269 2497 1742 2790">
    <p class='ocr_par' dir='ltr' id='par_1_12' title="bbox 269 2497 1742 2790">
     <span class='ocr_line' id='line_1_29' title="bbox 381 2497 1740 2558; baseline -0.001 -17"><span class='ocrx_word' id='word_1_195' title='bbox 381 2501 549 2542; x_wconf 86' lang='lat' dir='ltr'>Vocem</span> <span class='ocrx_word' id='word_1_196' title='bbox 578 2497 784 2554; x_wconf 75' lang='lat' dir='ltr'>sabulosis</span> <span class='ocrx_word' id='word_1_197' title='bbox 826 2514 848 2541; x_wconf 90' lang='grc'><strong>0</strong></span> <span class='ocrx_word' id='word_1_198' title='bbox 882 2501 979 2541; x_wconf 85' lang='lat' dir='ltr'>cod.</span> <span class='ocrx_word' id='word_1_199' title='bbox 1012 2501 1051 2541; x_wconf 84' lang='lat' dir='ltr'>R</span> <span class='ocrx_word' id='word_1_200' title='bbox 1089 2502 1128 2542; x_wconf 91' lang='lat' dir='ltr'>in</span> <span class='ocrx_word' id='word_1_201' title='bbox 1160 2501 1365 2558; x_wconf 77' lang='lat' dir='ltr'>vulgatae</span> <span class='ocrx_word' id='word_1_202' title='bbox 1397 2503 1644 2556; x_wconf 84' lang='lat' dir='ltr'>scripturae</span> <span class='ocrx_word' id='word_1_203' title='bbox 1674 2497 1740 2553; x_wconf 75' lang='grc' dir='ltr'>[ιι-</span> 
     </span>
     <span class='ocr_line' id='line_1_30' title="bbox 270 2577 1740 2632; baseline -0.001 -12"><span class='ocrx_word' id='word_1_204' title='bbox 270 2579 575 2620; x_wconf 78' lang='lat' dir='ltr'>bulosalocum</span> <span class='ocrx_word' id='word_1_205' title='bbox 591 2578 780 2619; x_wconf 71' lang='lat' dir='ltr'>restituit</span> <span class='ocrx_word' id='word_1_206' title='bbox 802 2577 1011 2632; x_wconf 71' lang='lat' dir='ltr'>Silligins.</span> <span class='ocrx_word' id='word_1_207' title='bbox 1046 2582 1188 2627; x_wconf 79' lang='lat' dir='ltr'>Quum</span> <span class='ocrx_word' id='word_1_208' title='bbox 1219 2588 1363 2620; x_wconf 87' lang='lat' dir='ltr'>tamen</span> <span class='ocrx_word' id='word_1_209' title='bbox 1393 2579 1447 2619; x_wconf 90' lang='lat' dir='ltr'>nil</span> <span class='ocrx_word' id='word_1_210' title='bbox 1470 2579 1631 2619; x_wconf 85' lang='lat' dir='ltr'>habeat</span> <span class='ocrx_word' id='word_1_211' title='bbox 1655 2592 1740 2632; x_wconf 88' lang='lat' dir='ltr'>quo</span> 
     </span>
     <span class='ocr_line' id='line_1_31' title="bbox 269 2657 1742 2712; baseline -0.001 -12"><span class='ocrx_word' id='word_1_212' title='bbox 269 2658 505 2707; x_wconf 81' lang='lat' dir='ltr'>reseratur,</span> <span class='ocrx_word' id='word_1_213' title='bbox 537 2665 581 2699; x_wconf 84' lang='lat' dir='ltr'>et</span> <span class='ocrx_word' id='word_1_214' title='bbox 607 2670 721 2712; x_wconf 78' lang='lat' dir='ltr'>quae</span> <span class='ocrx_word' id='word_1_215' title='bbox 746 2665 989 2711; x_wconf 85' lang='lat' dir='ltr'>sequuntur</span> <span class='ocrx_word' id='word_1_216' title='bbox 1009 2666 1163 2712; x_wconf 77' lang='lat' dir='ltr'>gentes</span> <span class='ocrx_word' id='word_1_217' title='bbox 1185 2658 1415 2700; x_wconf 83' lang='lat' dir='ltr'>fabulosae</span> <span class='ocrx_word' id='word_1_218' title='bbox 1443 2657 1530 2696; x_wconf 78' lang='lat' dir='ltr'>sint</span> <span class='ocrx_word' id='word_1_219' title='bbox 1558 2664 1605 2698; x_wconf 87' lang='lat' dir='ltr'>ut</span> <span class='ocrx_word' id='word_1_220' title='bbox 1629 2669 1742 2711; x_wconf 86' lang='lat' dir='ltr'>quae</span> 
     </span>
     <span class='ocr_line' id='line_1_32' title="bbox 270 2735 1480 2790; baseline -0.002 -13"><span class='ocrx_word' id='word_1_221' title='bbox 270 2736 473 2786; x_wconf 75' lang='lat' dir='ltr'>maxime,</span> <span class='ocrx_word' id='word_1_222' title='bbox 506 2735 859 2789; x_wconf 81' lang='lat' dir='ltr'>interpunctione</span> <span class='ocrx_word' id='word_1_223' title='bbox 890 2742 1096 2777; x_wconf 85' lang='lat' dir='ltr'>correcta</span> <span class='ocrx_word' id='word_1_224' title='bbox 1126 2736 1362 2790; x_wconf 80' lang='lat' dir='ltr'>legendum</span> <span class='ocrx_word' id='word_1_225' title='bbox 1391 2740 1480 2776; x_wconf 84' lang='lat' dir='ltr'>est:</span> 
     </span>
    </p>
   </div>
  </div>
 </body>
</html>
