1914 3237
194 400 274 441 388

303 180 355 222 72
901 179 1016 219 Liber
1048 181 1164 219 XIX.

434 367 564 414 43:
587 366 712 421 3‚15.
757 364 844 424 (de
882 363 1057 413 eodem
1093 362 1349 426 laserpicio
1389 361 1627 424 loquitur)

368 473 486 523 Post
522 472 636 523 solia
690 474 867 522 amissa
903 473 1042 522 caule
1096 474 1200 537 ipso
1241 477 1287 521 et
1321 471 1545 521 homines
1590 486 1762 520 vesce-

368 560 542 609 bantur
579 561 786 610 decocto
826 575 1038 623 assoque
1075 564 1121 608 et
1159 558 1310 617 elixo,
1362 574 1528 608 eorum
1565 571 1762 622 quoque

369 663 575 712 corpora
620 647 700 696 XL
755 648 917 712 prunis
968 647 1140 696 diebus
1194 651 1461 710 purgante3
1523 645 1635 694 vitia
1687 644 1762 693 his

370 735 610 785 omnibus.

411 822 563 862 Tribus
601 822 727 862 rebus
759 821 1026 875 laserpicium
1069 820 1169 860 utile
1202 832 1297 859 esse
1327 818 1608 873 praedicatur,
1640 819 1764 872 foliis,

305 900 423 941 caule
455 904 495 940 et
525 899 685 954 liquore
717 898 786 953 qui
817 902 859 938 et
884 911 906 939 e
936 897 1077 938 radice
1109 902 1151 938 et
1181 910 1203 937 c
1234 898 1353 938 caule
1385 897 1643 952 capiebatur.
1687 898 1764 938 At-

305 991 385 1033 que
424 977 475 1017 de
513 976 623 1017 foliis
664 976 747 1016 iam
784 976 948 1016 locutus
988 978 1079 1015 erat
1115 974 1277 1015 Plinius
1315 974 1654 1029 Theophrastum
1694 974 1764 1016 VI.

304 1056 341 1098 3
373 1056 395 1096 1
431 1059 623 1106 secutus,
666 1054 807 1108 itaque
839 1053 893 1094 ad
924 1052 1085 1093 caulem
1116 1052 1402 1107 liquoremque
1443 1052 1766 1093 describendum

305 1132 466 1174 transit.
526 1132 601 1172 Illo
644 1131 835 1172 homines
880 1130 994 1171 vesci
1039 1130 1097 1170 ait
1142 1129 1330 1181 ‚decocto
1359 1131 1574 1184 assoque‘,
1621 1127 1768 1184 ἑφθὸν

306 1209 443 1252 ὀπτόν
460 1209 777 1264 Theophrastus
808 1207 992 1249 dixerat:
1024 1220 1288 1262 consequens
1310 1212 1373 1247 est
1390 1212 1436 1247 ut
1454 1206 1654 1261 proximis
1676 1220 1768 1247 ver-

305 1288 369 1328 bis
401 1287 452 1327 de
481 1287 641 1342 liquore
673 1300 799 1340 agere
823 1286 1027 1327 videatur.
1060 1284 1183 1332 Quod
1213 1285 1258 1325 fit
1275 1285 1425 1339 copula
1455 1297 1562 1338 quae
1584 1284 1625 1324 in
1657 1283 1768 1324 codi-

306 1365 423 1406 cibus
454 1378 538 1405 non
567 1364 721 1418 legitur
752 1364 942 1418 expulsa,
982 1367 1086 1402 elixo
1119 1362 1229 1402 enim
1262 1362 1352 1417 ipse
1382 1362 1518 1416 liquor
1549 1361 1767 1402 indicatur.

305 1442 563 1483 Adverbium
589 1455 743 1492 quoque
759 1441 881 1482 tertio
906 1441 997 1481 loco
1028 1453 1197 1482 movere
1227 1439 1369 1491 nolim,
1401 1453 1527 1494 quum
1556 1439 1768 1480 insolitam

305 1519 528 1561 verborum
560 1519 880 1560 collocationem
911 1532 936 1559 a
964 1518 1101 1559 Plinio
1134 1518 1323 1559 adamari
1342 1518 1624 1572 cognoverim.
1655 1517 1768 1558 Hac-

307 1602 428 1639 tenus
475 1596 728 1638 vindicanda
768 1596 846 1637 fuit
892 1595 1084 1637 codicum
1127 1597 1353 1651 scriptura,
1404 1595 1446 1635 in
1492 1596 1574 1636 fine
1620 1609 1767 1636 sensus

305 1675 538 1730 corrigatur
563 1687 738 1714 necesse
774 1678 849 1716 est.
910 1674 1078 1715 Scilicet
1106 1674 1254 1715 ultima
1294 1673 1500 1715 vocabula
1531 1672 1610 1714 hoc
1641 1673 1767 1715 modo

308 1754 464 1808 scripta
494 1752 763 1793 exhibentur:

357 1850 534 1895 purycmt
564 1855 649 1882 eum
677 1844 739 1882 lais
780 1843 959 1882 omnibus
989 1854 1024 1882 e.

358 1926 560 1972 purqanle
588 1922 693 1960 viliis
723 1922 903 1960 omnibus
989 1918 1028 1959 d.

356 2004 559 2049 purqcmle
575 2000 670 2037 vitia
687 2000 749 2038 leis
780 2000 957 2038 omnibus
988 2009 1025 2036 a.

418 2086 537 2135 Quae
583 2086 686 2127 vitia
728 2085 826 2126 inde
873 2089 965 2127 orta
1010 2087 1106 2125 sunt
1136 2082 1248 2139 quod
1288 2083 1329 2123 in
1373 2082 1601 2138 archetypo
1642 2083 1774 2125 semel

310 2165 467 2220 scripta
508 2170 598 2205 erat
628 2163 803 2218 syllaba,
844 2177 970 2218 quum
1002 2162 1084 2203 duo
1121 2162 1231 2203 inter
1260 2174 1305 2201 se
1336 2160 1492 2201 similes
1525 2160 1773 2202 scribendae

311 2246 474 2283 essent:
535 2245 575 2281 in
616 2245 657 2282 et
698 2244 766 2294 ²153
809 2254 891 2295 qua
927 2240 1123 2281 restituta
1162 2238 1444 2293 correctisque
1481 2238 1529 2279 iis
1569 2238 1639 2293 qui
1676 2238 1774 2279 inde

311 2319 423 2360 ducti
455 2322 553 2359 sunt
583 2332 743 2359 errores
773 2318 946 2359 laudum
978 2317 1159 2372 denique
1192 2329 1300 2371 quae
1338 2316 1464 2357 laseri
1493 2316 1535 2356 in
1566 2315 1776 2357 medicina

312 2409 499 2437 summae
530 2396 668 2437 XXII.
694 2395 771 2438 101
812 2396 1073 2447 tribuuntur,
1116 2407 1323 2435 memores
1363 2397 1497 2435 totum
1540 2394 1679 2435 locum
1717 2394 1776 2434 ita

311 2475 605 2516 restituemus:

367 2556 463 2592 Post
489 2555 520 2600 f.
551 2564 575 2590 a
617 2564 649 2593 e.
682 2554 707 2591 i.
741 2564 772 2590 e.
800 2553 838 2591 Ιι.
869 2564 900 2592 υ.
933 2552 969 2590 d.
1007 2563 1197 2602 assoque,
1243 2554 1345 2590 elia-o
1385 2562 1519 2590 eorum
1557 2562 1711 2600 quoque
1740 2563 1774 2591 c.

369 2631 443 2669 XL
469 2642 510 2679 p.
543 2631 580 2669 d.
608 2635 807 2679 purgante
836 2632 874 2668 in
905 2631 1009 2668 viliis
1038 2630 1223 2669 omnibus.

424 2705 643 2746 Proximos
683 2718 832 2746 sensus
870 2707 994 2746 Ianus
1025 2709 1139 2746 recte
1179 2705 1238 2745 sic
1280 2703 1558 2759 interpunxit,
1602 2707 1648 2745 ut
1678 2709 1776 2745 ante

315 2783 401 2826 Sill.
439 2782 815 2837 distinguebantur.
875 2782 1037 2823 Vellem
1069 2782 1195 2822 etiam
1226 2782 1259 2835 ἓ.
1290 2781 1344 2823 44
1375 2781 1590 2835 vulgatam
1629 2781 1773 2824 lectio-
