1914 3237
171 295 248 336 121

273 171 328 212 90

266 2022 319 2060 ‹lu

882 168 1013 210 Liber
1043 169 1127 211 VI.

777 327 838 375 61
851 356 868 362 —
881 327 943 375 63
966 353 1010 371 z
1034 327 1229 376 ibidem.

341 448 614 513 Diognetus
658 457 706 497 et
742 450 930 499 Baeton
976 451 1203 499 itinerum
1250 450 1356 497 eius
1394 424 1745 517 (Alexandrij

339 556 591 588 mensores
629 540 876 604 scripsere
926 558 951 588 a
988 541 1143 606 portis
1179 540 1370 604 Caspiis
1407 540 1742 605 Hecatompy—

337 632 417 679 lon
436 631 729 680 Parthorum
750 638 867 694 quot
903 630 1113 679 diximus
1151 631 1280 678 milia
1318 647 1505 678 csse...
1548 631 1659 679 inde
1681 633 1740 680 ad

339 722 607 770 Alexandri
626 721 998 785 oppidumLM.
1039 720 1137 788 [In
1165 721 1520 785 quibusdam
1543 739 1741 769 exem-

339 812 612 875 plaribus
635 810 1596 877 diversinumerireperiuntur3]
1619 811 1741 860 hanc

340 905 506 951 urbem
542 904 631 950 sub
659 902 766 966 ipso
794 903 1015 949 Caucaso
1047 917 1156 949 esse
1187 900 1410 963 positam.
1458 900 1535 947 Ab
1567 916 1625 947 ea
1660 906 1741 948 rel.

432 993 642 1056 Reliqua
672 992 785 1039 inde
818 992 1029 1039 Seleuco
1060 989 1279 1039 Nicatori
1311 998 1567 1055 peragrata
1603 998 1741 1051 sunt3

337 1083 396 1131 ad
428 1083 643 1147 Sydrum
683 1081 954 1130 CLXVIII
985 1081 1108 1142 mil.²
1149 1081 1384 1130 Iomanen
1420 1098 1607 1129 amnem
1638 1089 1738 1130 tan—

334 1174 556 1230 tundem}
603 1171 705 1239 [--
753 1171 955 1235 aliqua
1002 1171 1382 1235 exemplaria
1435 1171 1739 1220 adiiciunt

335 1264 380 1311 V
422 1263 585 1311 milia
623 1279 908 1327 passuum
938 1260 1038 1328 —]
1084 1261 1197 1309 inde
1239 1261 1300 1310 ad
1346 1262 1553 1327 Gangen
1593 1264 1738 1312 CXII

337 1355 450 1415 mil„
463 1354 520 1401 ad
534 1352 836 1417 Rhodaphan
848 1352 1069 1400 DLXIX
1081 1352 1194 1413 mil„
1212 1351 1295 1419 [—
1315 1352 1411 1400 alii
1429 1354 1466 1400 C
1481 1353 1519 1400 C
1532 1353 1737 1402 CXXV

334 1445 445 1493 mil.
476 1445 529 1492 in
565 1445 677 1492 hoc
709 1441 910 1507 spatio
944 1442 1340 1510 produnt‚—]
1373 1444 1430 1491 ad
1454 1443 1739 1508 Calinipaxa

334 1535 564 1599 oppidum
600 1533 840 1581 CLXVII
870 1533 938 1592 D,
982 1530 1064 1598 [—
1101 1533 1205 1580 alii
1240 1533 1504 1582 CCLXV
1535 1534 1615 1594 M,
1645 1533 1735 1601 ——-]

332 1625 442 1673 inde
493 1625 550 1671 ad
603 1625 931 1671 confluentem
978 1622 1191 1669 Iomanis
1243 1623 1394 1670 amnis
1453 1631 1501 1671 et
1548 1625 1735 1689 Gangis

332 1716 569 1764 DCXXV
621 1715 703 1774 Μ,
758 1712 854 1779 [-——
901 1712 1189 1776 plerique
1241 1713 1545 1761 adiiciunt
1582 1714 1737 1763 XIII

334 1806 472 1867 mil.‚
503 1803 593 1871 -—]
628 1804 687 1851 ad
721 1802 1051 1867 oppidumque
1082 1804 1366 1851 Palibothra
1403 1808 1485 1850 rel.

379 1941 578 1981 Terrena
610 1950 723 1993 quae
755 1938 854 1978 iude
887 1951 913 1977 a
933 1936 971 1992 ξ.
987 1936 1054 1976 61..
1074 1937 1223 1991 incipit
1244 1938 1391 1978 Indiae
1415 1939 1732 1982 demonstratio

326 2021 434 2060 abus
469 2018 666 2073 partibus
698 2024 889 2067 constat,
935 2030 1117 2070 quarum
1147 2015 1287 2056 altera
1318 2031 1460 2071 usque
1496 2019 1549 2058 ad
1583 2018 1735 2073 Hypa-

264 2100 344 2139 sim
375 2097 550 2138 fluvium
582 2096 795 2150 pertinet,
835 2094 975 2136 altera
1013 2095 1128 2137 viam
1158 2095 1325 2149 regiam
1358 2109 1498 2149 usque
1529 2096 1585 2136 ad
1620 2096 1733 2137 Pali-

264 2177 420 2219 bothra
451 2175 659 2230 oppidum
693 2181 735 2214 et
765 2173 933 2227 Gangis
972 2173 1130 2213 ostium
1167 2174 1463 2227 persequitur.
1538 2174 1733 2214 Priorem

264 2270 288 2296 e
320 2254 523 2305 Diogneti
556 2260 598 2293 et
630 2252 836 2292 Baetouis
870 2251 1194 2292 commentariis
1219 2252 1405 2306 sumpsit
1426 2252 1607 2301 Plinius,
1642 2253 1734 2306 qui-

264 2506 304 2545 p.

262 2334 447 2373 buscum
478 2332 596 2386 regis
632 2326 845 2385 epistolas
881 2330 1132 2371 consentire
1165 2330 1245 2381 ait,
1293 2330 1477 2370 alteram
1521 2344 1544 2371 e
1576 2331 1732 2385 Mega-

262 2412 429 2453 stlicnis
461 2410 620 2451 Iudicis
654 2410 922 2463 exscriptam
944 2422 1047 2449 esse
1075 2407 1324 2449 luculenter
1347 2407 1732 2449 Scliwanbeckius

328 2489 380 2529 16
399 2504 497 2543 sqq.
532 2488 863 2537 demonstravit.
895 2502 1039 2541 neque
1067 2494 1246 2542 praeter
1277 2486 1393 2528 hunc
1424 2486 1552 2527 alium
1582 2500 1731 2539 quem-

263 2582 393 2622 quam
445 2576 672 2609 auctorem
731 2567 928 2608 adhiberi
985 2582 1037 2607 co
1096 2565 1311 2615 eflicitur,
1373 2566 1489 2620 quod
1538 2564 1731 2605 Seleuco

264 2646 457 2687 Nicatori
490 2646 514 2685 i.
538 2660 575 2686 c.
606 2646 647 2685 in
681 2660 804 2686 usum
835 2645 1013 2686 Seleuci
1055 2646 1135 2685 iter
1177 2659 1402 2685 emensum
1441 2655 1545 2685 esse
1579 2656 1729 2682 narra-

264 2733 344 2765 tur.
389 2725 472 2770 Qui
508 2725 618 2764 enim
652 2733 756 2779 post
788 2725 1128 2779 Megasthene-m
1160 2724 1412 2764 Prasiorum
1452 2721 1615 2776 regiam
1656 2722 1729 2762 ad-

263 2804 324 2844 ier

329 2810 404 2844 unt
433 2802 673 2857 Dionysius
707 2811 749 2843 ct
778 2803 1046 2845 Dcimachus
1086 2817 1112 2844 a
1141 2800 1399 2842 Ptolemaeo
1438 2799 1728 2855 Philadelpho
