1914 3237
226 139 306 183 198
783 145 899 185 Liber
930 150 1116 189 XXXII.

950 244 969 260 b

226 276 396 316 natione
414 275 571 330 passivi
595 276 762 319 abiecta
789 279 832 320 in
861 284 1080 321 minuunt
1110 278 1233 320 facile
1263 278 1538 332 corriguntur.
1563 276 1686 325 Quod

226 354 476 396 vocabulum
514 356 893 399 inflammationum
933 359 1148 414 proprium
1180 371 1308 413 supra
1335 355 1472 398 XXV.
1503 355 1556 398 88
1586 369 1684 408 ‚non

224 435 265 474 in
297 435 390 489 ipsa
420 434 750 477 inflammatione
783 436 858 478 sed
889 437 1123 479 imminuta‘
1153 439 1390 493 usurpatur.
1448 450 1686 490 τραυματι-

224 513 296 562 κός
342 515 388 556 τέ·
432 509 546 564 ἐστι,
603 514 874 557 Dioscorides
925 515 1061 569 inquit
1101 514 1154 556 V.
1207 513 1303 561 137,
1346 517 1430 556 ’καὶ
1473 512 1686 568 οἰδήματα

226 593 405 636 στέλλει.

783 737 942 786 LIBER
973 737 1130 786 xxxn.

334 857 652 913 Expeditiorem
681 859 792 900 viam
822 860 1095 916 ingredimur.
1141 859 1311 901 Librum
1344 860 1456 901 enim
1485 858 1687 900 Bamber-

225 953 415 994 gensom,
445 952 570 994 quem
592 939 786 980 manibus
809 944 947 992 teneo,
979 944 1040 981 tot
1060 940 1274 995 tantisque
1296 940 1519 981 virtutibus
1536 941 1688 982 ceteris

225 1018 411 1059 eminere
456 1017 549 1071 quis
592 1017 747 1070 nescit,
794 1023 839 1059 ut
867 1019 1114 1074 plerumque
1155 1018 1291 1071 solus⁷
1337 1018 1548 1060 interdum
1593 1033 1687 1060 cum

226 1095 395 1151 optimis
427 1095 598 1136 alterius
636 1095 821 1137 familiae
853 1096 1068 1137 codicibus
1109 1097 1342 1138 orationem
1371 1097 1493 1138 Plinii
1523 1111 1687 1152 germa-

227 1188 323 1214 nam
353 1174 728 1229 incorruptamque
752 1176 968 1229 praestet?
1026 1167 1160 1223 Quem
1193 1175 1428 1216 accuratius
1461 1189 1586 1230 quam
1617 1189 1688 1216 ne-

228 1252 313 1292 scio
345 1266 427 1306 quo
459 1256 583 1306 pacto
614 1252 656 1292 in
687 1252 846 1294 maiore
877 1253 1026 1309 Silligii
1057 1253 1241 1295 editione
1278 1253 1435 1295 factum
1467 1258 1532 1294 est
1561 1253 1687 1295 colla-

225 1334 313 1370 tum
344 1330 451 1371 sicut
480 1330 522 1370 in
544 1330 688 1384 primis
718 1331 834 1372 libris
863 1331 1051 1373 codicem
1082 1333 1142 1384 A,
1182 1345 1259 1373 nos
1288 1332 1348 1372 ita
1377 1335 1591 1372 auctorem
1623 1345 1687 1372 se-

224 1421 426 1463 quemur,
476 1412 522 1448 ut
552 1407 727 1450 alteram
767 1415 946 1462 sectam,
992 1410 1063 1451 ubi
1105 1411 1192 1451 suis
1222 1409 1553 1464 Bambergensis
1583 1409 1689 1451 liber

224 1486 335 1527 vitiis
382 1486 548 1528 laborat
601 1489 761 1542 (neque
797 1487 841 1528 id
870 1502 965 1529 raro
1009 1488 1184 1541 accidit)
1223 1490 1265 1529 in
1311 1487 1512 1529 auxilium
1558 1488 1687 1529 advo-

223 1578 379 1606 cemus.

115 1648 195 1693 705
840 1624 898 1672 10
935 1651 987 1670 z
1027 1624 1117 1680 1,4.

288 1707 406 1756 Iuba
442 1737 499 1742 ——
539 1709 682 1757 tradit
723 1738 773 1744 -
817 1714 954 1760 cotos
991 1739 1048 1745 —·
1086 1711 1134 1758 in
1171 1709 1347 1759 flumen
1370 1708 1582 1759 Arabiae
1617 1709 1689 1758 in-

289 1800 444 1845 trasse
486 1796 569 1844 rel.

334 1883 463 1924 Haud
495 1883 621 1925 dubie
661 1889 699 1925 in
726 1890 872 1935 flumen
905 1889 1090 1926 Arabim
1115 1890 1282 1926 mirasse
1312 1884 1581 1926 scribendum
1612 1888 1690 1934 est,

225 1964 250 2004 i.
284 1977 318 2004 e.
349 1962 477 2018 ⁷apud
507 1962 723 2003 Gedrosos
751 1966 820 2018 qui
850 1963 1025 2004 Arabim
1058 1977 1221 2004 amnem
1255 1963 1462 2004 accolunt‘
1498 1961 1595 2011 (IX.
1623 1962 1689 2016 7).

225 2040 372 2081 Iubam
413 2040 523 2081 enim
561 2046 729 2094 praeter
760 2041 959 2082 Arabiam
998 2042 1125 2082 otiam
1165 2055 1259 2082 eum
1306 2054 1472 2081 cursum
1504 2039 1687 2094 descrip-

228 2120 334 2160 sisse
365 2122 551 2171 constat‚
584 2132 665 2173 quo
695 2132 747 2159 ex
780 2119 937 2160 Arabia
967 2119 1144 2160 Patalen
1176 2118 1468 2173 navigabatur,
1499 2118 1550 2158 cf.
1575 2116 1687 2158 vind.

228 2197 257 2238 Ι.
290 2212 329 2252 p.
355 2198 416 2240 97.
448 2196 611 2238 Nomen
644 2201 785 2237 autem
816 2197 997 2238 fluminis
1018 2197 1165 2238 vicinis
1187 2196 1402 2238 vocabulis
1434 2195 1500 2249 ,de
1518 2195 1690 2236 Arabia‘

228 2275 435 2329 corrumpi
476 2274 673 2315 facillime
713 2277 860 2328 potuit.
922 2276 957 2328 ξ.
997 2277 1033 2316 11
1072 2289 1166 2316 cum
1208 2274 1300 2316 cod.
1331 2274 1378 2315 Β.
1422 2288 1498 2316 scr.
1542 2287 1691 2326 repere,

226 2354 264 2404 ξ.
297 2354 347 2394 ’13
380 2366 461 2394 non
493 2356 667 2393 ambiam
699 2353 772 2394 sed
805 2353 953 2406 plurali
984 2367 1160 2394 numero
1201 2367 1282 2408 quo
1312 2353 1388 2393 IX.
1427 2352 1499 2395 182
1530 2352 1690 2393 Plinius

228 2445 327 2471 usus
359 2435 436 2479 ost,
469 2435 626 2471 (turbius
659 2432 812 2472 rectius
843 2432 924 2486 legi
957 2431 1158 2472 librorum
1171 2431 1290 2472 MSS.
1312 2432 1464 2473 vitiosa
1485 2431 1692 2485 scriptura

231 2513 402 2561 (pltlze'raes
434 2509 467 2548 B
495 2513 686 2560 philiasin
718 2509 826 2553 VR)
861 2491 1049 2572 officitur.

293 2675 496 2724 Trebius
537 2675 680 2739 Niger
716 2683 885 2725 auctor
922 2682 995 2725 est
1032 2676 1226 2740 xiphian
1267 2676 1330 2743 [id
1365 2673 1690 2738 estgladium]

299 2769 453 2816 rostro
490 2770 774 2813 mucronato
813 2781 947 2822 esse,
999 2766 1058 2814 ab
1097 2764 1192 2815 hoc
1247 2771 1396 2813 naves
1444 2762 1693 2828 perfossas

1907 3228 1914 3237 .
1903 3174 1906 3178 ’
1903 3060 1914 3156 *vn-n.
1906 2957 1914 3055 Q—
