1914 3237
0 3050 8 3237 xz--Va-
0 3021 4 3028 .
0 2981 3 2990 Α

561 145 780 187 Addemla
809 150 850 184 et
883 141 1163 199 Corriqcnda.
1519 134 1597 176 191

484 307 757 360 Addenda
799 312 853 357 et
893 302 1251 375 Corrigenda.

243 424 288 467 P.
311 424 375 466 13.
406 438 445 468 v,
469 424 534 466 16.
565 436 645 478 pro
681 420 857 463 CVIII
882 434 974 463 scr.
1011 417 1226 460 CVIJII.

244 501 289 541 Ρ.
310 501 372 541 14.
392 514 431 542 n.
453 500 515 541 14.
550 500 735 542 Sincera
766 506 868 539 sunt
898 496 1018 538 Plinii
1052 497 1202 548 verba,
1234 494 1290 537 cf.
1308 494 1473 536 Gehler
1494 495 1599 535 Lex.

131 578 303 634 physic.
333 578 399 619 ed.
426 577 546 619 1842.
579 576 660 618 vol.
682 577 740 618 X.
766 576 802 617 2.
831 592 871 631 p.
897 576 1014 617 1627.

243 655 427 697 P.18.n.
450 655 515 697 23.
537 655 705 696 Eodem
725 655 856 695 modo
875 654 1063 696 XXXII.
1081 653 1119 694 9.
1138 650 1420 708 beneficium
1438 652 1478 691 in
1504 651 1602 691 cod.

132 733 169 774 V
187 734 258 776 vel
273 733 495 790 beficium
518 735 559 776 in
579 734 627 784 B,
657 734 797 775 ib.43.
830 731 1056 789 beneficii
1083 735 1127 774 in
1145 732 1281 773 B2VT
1299 733 1512 785 scriptum
1534 744 1604 771 re-

130 814 315 868 peritur,
345 814 462 855 unde
487 813 699 869 colligere
730 813 847 863 licet,
875 812 1274 867 frequentissimam
1290 810 1430 852 fuisse
1448 811 1605 850 utrius-

132 906 218 947 que
247 891 418 933 litterae
450 893 491 933 in
521 893 677 934 codice
709 892 954 946 archetypo
987 892 1367 946 permutationem.

247 972 290 1013 P.
313 971 382 1012 54.
417 985 454 1012 v.
480 971 518 1014 2.
556 971 807 1012 Lectionem
846 971 1118 1026 Hypsizorus
1157 970 1354 1012 defendit
1389 968 1605 1022 Bergkius

134 1052 175 1092 in
207 1051 318 1092 Nov.
348 1050 463 1091 Mus.
495 1050 639 1092 Rhen.
671 1050 853 1094 vol.lX.
876 1066 918 1105 p.
939 1051 1029 1091 141.

247 1129 294 1172 P.
313 1128 379 1169 78.
409 1128 564 1171 n.104.
608 1129 703 1170 Nisi
740 1128 854 1170 forte
894 1142 991 1169 cum
1028 1128 1201 1168 Rittero
1235 1127 1399 1182 Geogr.
1440 1127 1523 1168 vol.
1553 1126 1607 1168 X.

134 1224 177 1264 p.
200 1208 296 1250 822.
326 1206 534 1249 Sinaram
570 1207 815 1261 intelligere
850 1207 973 1262 velis,
1011 1221 1125 1262 quae
1156 1208 1197 1248 in
1230 1206 1401 1247 Tabula
1435 1206 1608 1247 Peutin·

136 1288 316 1343 geriana
349 1299 374 1326 a
404 1286 576 1328 Zimara
607 1287 895 1340 distinguitur.
957 1285 1270 1327 Verumtamen
1301 1299 1429 1339 quum
1463 1294 1505 1325 et
1531 1299 1608 1326 no·

136 1375 229 1409 stro
258 1367 361 1408 loco
391 1374 434 1407 et
456 1365 578 1422 §.84
597 1365 729 1408 lectio
750 1366 932 1407 Zimara
963 1366 1089 1406 codd.
1113 1365 1221 1406 Mss.
1255 1378 1475 1406 consensu
1504 1378 1608 1404 con-

136 1444 356 1495 firmetur,
397 1446 450 1486 de
487 1459 574 1486 uno
608 1445 853 1499 eodemque
892 1444 1056 1498 oppido
1099 1443 1260 1484 Plinius
1300 1442 1472 1483 locutus
1505 1457 1608 1483 esse

137 1524 319 1566 videtur.

252 1604 300 1644 P.
320 1603 390 1647 79.
421 1618 458 1644 v.
477 1602 542 1644 31.
573 1616 653 1656 pro
675 1602 770 1642 749.
796 1615 886 1645 scr.
913 1601 1008 1642 739.
1053 1601 1256 1643 Ceterum
1290 1601 1608 1642 Hemsterliusii

139 1683 439 1724 coniecturam
486 1679 613 1734 Opim
657 1680 858 1734 cupidius
900 1680 1133 1733 amplexus
1179 1694 1322 1721 eram:
1370 1694 1486 1720 nunc
1528 1679 1610 1720 Or-

141 1760 274 1801 choen
305 1760 457 1813 legere
487 1760 645 1809 malim,
677 1761 837 1814 quippe
871 1774 983 1814 quae
1014 1774 1061 1801 re
1080 1773 1186 1801 vera
1209 1761 1322 1801 inter
1340 1760 1610 1816 Babylonem

143 1850 185 1881 et
219 1838 404 1894 paludes
435 1838 518 1878 sita
549 1837 693 1890 fuerit,
725 1837 778 1879 cf.
797 1838 870 1878 Vl.
897 1836 984 1881 130.

257 1917 301 1957 P.
320 1917 384 1957 91.
415 1931 454 1958 v.
470 1917 507 1958 4.
551 1916 743 1957 Diversa
775 1916 887 1956 enim
925 1930 996 1956 res
1028 1924 1117 1966 est,
1158 1917 1276 1971 quod
1313 1917 1425 1959 infra
1459 1917 1500 1973 ἓ.
1523 1918 1614 1960 170.

145 1998 198 2038 de
229 1994 546 2048 exemplarium
579 1994 682 2034 vitio
714 1994 754 2034 in
786 1994 1037 2034 universum
1068 1996 1298 2048 cogitatur.

259 2075 303 2114 P.
323 2073 388 2116 93.
412 2087 452 2114 v.
473 2073 508 2115 l.
547 2073 612 2113 Ita
642 2072 752 2114 Vlll.
788 2073 878 2114 175.
910 2075 950 2114 in
983 2074 1073 2114 R¹d
1105 2075 1330 2127 cadentia,
1363 2077 1402 2117 in
1430 2076 1493 2117 R2
1521 2090 1615 2116 sca-

144 2154 306 2203 aientia,
335 2154 377 2194 in
409 2152 539 2195 codd.
570 2152 763 2194 Turnebi
796 2153 1053 2193 scandentia
1085 2153 1254 2208 legitur.

260 2232 304 2271 Ρ.
324 2231 418 2271 101.
452 2246 496 2275 n.
524 2232 617 2276 129.
667 2233 906 2287 Postquam
937 2233 1305 2286 Kosegartenius‚
1340 2235 1512 2291 collega
1541 2237 1616 2278 do—

148 2311 382 2360 ctissimus,
409 2310 536 2352 locos
564 2311 803 2353 Ptolemaei
822 2312 876 2352 V.
902 2312 964 2353 18.
983 2313 1018 2352 7.
1038 2320 1080 2353 et
1095 2314 1299 2368 Abydeni
1318 2316 1434 2368 apud
1453 2316 1617 2357 Euseb.

148 2388 308 2442 Praep.
333 2389 533 2444 evangel.
554 2390 628 2431 IX.
648 2390 715 2431 41.
754 2389 854 2430 mihi
890 2391 1174 2444 monstravit,
1218 2392 1273 2433 de
1315 2394 1462 2434 verbis
1495 2394 1619 2436 Plinii

149 2467 274 2509 aliter
293 2468 448 2510 sentio.
507 2468 621 2509 Nihil
652 2470 765 2510 enim
797 2469 1074 2510 verisimilius
1105 2479 1318 2526 estquam
1338 2473 1619 2528 Hipparenos

151 2547 331 2588 eosdem
370 2560 473 2588 esse
509 2547 579 2602 qui
615 2548 669 2587 ab
705 2547 924 2601 Abydeno
955 2547 1207 2603 Σιππαρηνοί
1234 2559 1473 2605 vocantur,
1515 2568 1620 2609 quo·

150 2640 243 2667 rum
275 2626 482 2680 oppidum
519 2624 711 2679 Σιπφάρα
741 2637 766 2665 a
800 2624 1051 2666 Ptolemaeo
1082 2638 1464 2672 commemoratur.
1534 2633 1620 2674 Na-

150 2703 553 2745 buchodonosorus
592 2702 729 2752 enim,
772 2703 830 2742 ait
859 2702 1125 2758 Abydenus.
1173 2705 1245 2747 τόυ
1280 2725 1321 2749 τε
1347 2707 1622 2765 Ἀρμακάληυ

150 2782 340 2838 ποταμὸν
365 2783 592 2839 ἐξήγαγεν,
619 2782 743 2823 ἐόντα
772 2781 899 2837 κέρας
920 2781 1154 2837 Εὖφρητέω,
1187 2784 1259 2826 τόν
1282 2786 1621 2844 τεἈκράκαυου.

143 2858 266 2915 ’Ὑπὲρ
295 2858 339 2903 δὲ
369 2861 438 2914 τῆς
454 2861 724 2917 Σιππαρηνῶν
755 2860 910 2910 πόλεως
938 2861 1105 2905 λάκκου
1137 2862 1454 2922 ὀρυξάμενος..
1487 2869 1622 2919 πύλας
