1914 3237
6 642 8 654 ι

0 719 1 724 l
6 723 7 740 l

5 756 7 788 l

3 809 6 825 l

750 167 882 208 Liber
911 166 981 207 XI
989 166 1035 207 V
1032 201 1040 209 .
1559 159 1640 202 185

168 288 363 343 Silligius
382 291 584 341 coniecit,
598 293 656 332 ita
672 289 879 340 fortasse,
899 298 943 330 ut
966 290 1066 331 mihi
1083 291 1327 340 videbatur,
1344 289 1637 332 emendanda:

165 381 302 406 manu
332 368 543 422 stirpem
575 368 762 421 cingit,
795 368 855 408 ita
885 375 931 408 ut
961 381 1072 408 voce
1103 369 1276 423 stirpem
1306 369 1348 409 in
1382 365 1637 422 protarche-

166 453 273 500 typo
294 447 358 486 sic
378 445 570 485 mutilata
599 460 709 485 MANV
738 460 801 485 s·r1
831 459 966 485 CINGlT
998 445 1167 486 litteras
1199 446 1271 485 tici
1299 446 1498 499 proximo
1530 446 1638 487 scri-

165 522 250 563 bae
293 530 456 563 temere
499 523 710 577 repetitas
749 523 870 565 visas
909 536 1012 565 esse
1057 530 1240 564 statuas.
1313 524 1477 564 Verum
1507 538 1639 578 quum

165 614 320 641 manus
352 606 475 641 certe
505 613 531 641 a
558 600 827 643 Dioscoride
858 602 1018 642 mentio
1050 600 1172 641 facta
1202 600 1347 654 fuerit,
1384 608 1427 642 et
1458 603 1637 655 saepius

163 679 346 721 Plinium
377 687 585 722 auctores
613 694 721 722 suos
756 689 830 722 aut
861 681 973 722 male
1004 680 1277 722 intellexisse
1307 687 1383 721 aut
1411 679 1639 735 negligen-

163 769 232 800 ter
264 758 503 801 contulisse
533 766 727 810 constet,
766 767 898 814 atque
938 760 1067 800 etiam
1106 771 1228 799 mora
1259 758 1356 799 XV.
1385 757 1450 798 97.
1482 771 1637 800 manus

164 851 272 880 suco
302 839 501 892 tinguere
533 839 745 888 dicanum
772 837 910 878 satius
942 837 1025 877 erit
1053 835 1195 877 locum
1226 850 1312 877 non
1345 835 1599 878 sollicitare.

716 950 810 998 125
834 975 877 993 =
902 950 983 1010 20,
1004 949 1083 997 25.

230 1069 401 1100 -nec
419 1069 515 1099 non
552 1052 685 1105 alia,
719 1068 862 1116 quae
894 1059 970 1099 est
1001 1051 1165 1112 musti,
1202 1051 1331 1115 pice
1364 1060 1420 1098 et
1446 1059 1634 1099 natura.

272 1151 398 1193 Hanc
426 1152 637 1193 Harduini
668 1153 966 1193 coniecturam
1006 1159 1050 1193 ut
1090 1152 1162 1192 vix
1199 1150 1511 1205 intelligibilem
1545 1165 1636 1192 me—

159 1234 243 1274 rito
273 1233 536 1287 improbavit
568 1232 778 1288 Silligius.
841 1232 978 1274 Cosld.
1007 1231 1121 1272 haec
1151 1230 1337 1271 habent:
1368 1240 1401 1273 Θ
1433 1246 1546 1291 qzcae
1575 1237 1638 1271 est

160 1311 292 1352 ηιιιῖσί
320 1325 345 1352 a
374 1327 485 1373 qnae
516 1318 579 1352 est
607 1311 747 1365 ηιῑιῐεί,
777 1312 969 1372 quaae
982 1311 1163 1353 simulet.
1196 1311 1468 1353 Sententiam
1488 1318 1635 1352 tamen

159 1390 244 1430 loci
274 1398 398 1431 recte
430 1390 602 1431 videtur
620 1389 871 1430 Harduinus
897 1390 1202 1444 perspexisse,
1236 1403 1321 1444 qua
1344 1398 1485 1432 musto
1504 1391 1635 1432 etiam

158 1469 423 1522 sicuti-pice
455 1468 554 1509 vina
585 1468 752 1508 condiri
787 1468 951 1508 Plinius
988 1468 1169 1518 dixerit,
1209 1467 1266 1510 cf.
1297 1467 1339 1523 ξ.
1366 1469 1431 1510 74.
1464 1478 1507 1510 et
1542 1470 1634 1511 121.

158 1545 434 1588 Conieeerim
464 1546 595 1601 igitur
623 1546 682 1586 ita
712 1545 907 1587 fortasse
938 1547 1220 1587 scribendum
1252 1561 1378 1588 esse:

378 1638 457 1664 nec
486 1639 573 1664 non
602 1623 778 1685 aliqua
808 1629 871 1664 est
902 1624 1034 1663 nmsti
1058 1624 1200 1679 picea
1230 1630 1410 1664 natura.

270 1714 307 1769 ᾗ.
328 1713 420 1754 141.
451 1713 546 1753 sine
568 1713 698 1753 dubio
732 1727 829 1753 cum
855 1712 1080 1753 Harduino
1110 1713 1346 1767 legendum
1373 1723 1441 1757 est
1468 1718 1633 1759 vivunt.

158 1793 242 1840 Qui
282 1793 393 1832 enim
431 1805 533 1832 sero
573 1792 957 1846 expergiscuntur,
994 1792 1129 1834 horas
1168 1795 1324 1849 quibus
1362 1795 1432 1837 alii
1471 1799 1634 1848 vivunt,

159 1884 314 1912 somno
343 1872 463 1913 velut
496 1873 652 1912 mortui
684 1873 946 1926 transigunt,
977 1872 1199 1929 cf.§.143.

710 1983 807 2031 144
824 2005 875 2027 =
895 1984 976 2045 22,
997 1984 1078 2033 28.

223 2113 291 2120 —
336 2083 464 2147 apud
511 2101 600 2132 nos
646 2102 914 2149 cognomen
962 2085 1104 2134 etiam
1149 2087 1283 2150 (Izac
1320 2090 1510 2137 virtute
1542 2107 1633 2155 po-

226 2176 377 2224 tandi
395 2179 605 2238 meruit)
635 2177 887 2225 Novellius
909 2178 1193 2242 Torquatus
1231 2178 1632 2241 Mediolanensis‚

224 2268 285 2316 ad
340 2270 737 2332 proconsulatum
792 2287 948 2333 usque
1004 2286 1032 2317 a
1078 2277 1310 2335 praetura
1365 2271 1632 2319 honoribus

159 2415 162 2417 Α
225 2357 402 2422 gestis,
456 2358 612 2406 tribus
669 2358 880 2423 congiis,
947 2358 1139 2426 [unde
1194 2367 1252 2409 et
1306 2378 1632 2426 cognomen

225 2448 320 2495 illi
350 2449 374 2496 f
381 2446 523 2514 uit‚]
560 2448 717 2512 epotis
750 2465 844 2496 uno
873 2448 1084 2513 impetu,
1127 2458 1380 2515 spectante
1411 2452 1631 2501 miraculi

220 2539 375 2603 gratia
430 2538 634 2587 Tiberio
686 2538 908 2604 principe
962 2539 1011 2588 in
1058 2548 1258 2590 senecta
1310 2541 1403 2589 iam
1455 2558 1630 2590 severo

225 2628 436 2696 [atque
483 2628 664 2677 etiam
703 2645 885 2678 saevo
923 2630 1133 2698 alias]3
1175 2632 1263 2680 sed
1294 2632 1401 2697 ipsa
1435 2632 1631 2681 iuventa

220 2720 282 2767 ad
313 2719 485 2767 mirum
522 2720 724 2784 proxior
754 2721 930 2769 fuerat.

268 2808 419 2851 Verba
452 2815 581 2864 atque
620 2809 748 2849 etiam
784 2824 912 2850 saevo
950 2810 1060 2851 alias
1092 2817 1139 2852 ut
1172 2811 1420 2854 adulterina
1449 2820 1571 2855 recte
1602 2827 1629 2855 a

159 2889 358 2931 Pintiano
381 2896 425 2930 et
444 2889 620 2931 Mureto
639 2888 744 2930 Var.
772 2889 872 2931 lect.
890 2889 984 2932 XV.
1004 2890 1066 2931 16.
1101 2891 1315 2934 delentur.
1376 2892 1491 2939 Quid
1517 2892 1629 2934 enim

1661 963 1743 1004 240
