1914 3237
736 168 868 209 liber
895 170 1040 210 XIII.
1549 166 1627 208 173

259 299 429 344 possent
463 291 520 340 Ιῖἓ
550 307 766 346 possemus
801 292 980 347 vulgata
1021 293 1239 345 scriptura
1277 291 1407 331 habet
1441 304 1464 330 e
1499 290 1624 331 codd.

150 368 260 418 flet.
294 383 317 409 a
347 377 389 410 et
417 370 455 410 d.
501 370 626 410 Unde
661 370 972 423 corrigendum
1002 369 1174 409 videtur
1201 382 1414 423 possem.
1476 368 1624 423 Inepte

148 447 260 487 enim
292 454 492 500 optaret,
534 453 579 487 ut
612 447 737 501 ipsae
772 446 949 501 aquilae
979 446 1099 502 loqui
1136 455 1333 500 possent.
1394 447 1457 487 lta
1486 447 1528 503 ᾖ.
1550 446 1621 490 24.

147 525 353 580 legimus:
386 538 507 576 „non
538 523 669 566 facile
701 525 935 566 dixe1·in1“.

750 661 814 709 28
835 661 949 720 =4‚
973 661 1018 708 7.

216 773 416 822 Genera
449 789 614 820 earum
648 774 813 837 plura,
854 781 903 820 et
943 772 1099 836 prima
1137 771 1363 819 fruticem
1403 788 1498 819 non
1537 789 1620 820 ex-

213 863 461 924 cedentia,
501 864 717 911 sterilcm
756 865 909 924 hunc,
957 863 1103 911 aliubi
1136 872 1185 911 et
1216 863 1373 927 ipsum
1408 863 1620 912 fertilem

211 953 462 1017 brevique
495 970 738 1001 ramorum
760 956 890 1002 orbe
928 953 1180 1002 foliosum.
1222 953 1446 1002 'sectarii
1462 953 1619 1003 vicem

211 1043 288 1090 hic
333 1043 600 1106 parietibus
633 1044 882 1108 plerisque
913 1043 962 1092 in
1009 1043 1129 1092 locis
1175 1051 1410 1108 praestat
1452 1053 1620 1093 contra

208 1132 509 1197 aspergines.

251 1244 563 1298 interpolatam
593 1244 828 1285 lectionem
851 1243 1091 1299 vulgatam,
1121 1257 1235 1299 quae
1253 1258 1276 1284 e
1295 1244 1467 1286 Gelenii
1487 1245 1617 1285 codd.

138 1323 323 1377 primum
351 1331 534 1379 recepta
563 1332 646 1375 est,
680 1333 803 1366 recte
834 1325 998 1365 iudicat
1019 1323 1229 1378 SilligiuS‚
1261 1339 1391 1380 quum
1421 1326 1617 1366 vocabu-

137 1401 222 1443 lum
253 1401 321 1442 hic
359 1417 568 1458 quorsum
605 1402 846 1452 referatur,
888 1417 977 1444 non
1022 1402 1305 1458 intelligatur,
1338 1404 1419 1445 sed
1450 1411 1616 1445 certam

137 1482 484 1523 emendationem
515 1496 565 1524 se
597 1482 788 1523 nondum
819 1482 1047 1536 reperisse
1077 1482 1254 1523 addidit.
1316 1481 1528 1523 Fortasse
1553 1482 1614 1523 lo-

136 1573 216 1600 cus
247 1559 333 1600 hoc
374 1560 469 1601 fere
510 1560 639 1601 modo
672 1559 834 1614 corrigi
878 1559 1052 1613 poterit.
1125 1559 1178 1599 Et
1207 1561 1408 1600 codicum
1440 1561 1613 1616 quidem

133 1640 357 1693 scriptura
375 1638 544 1680 haecce
563 1647 651 1680 est:
683 1638 720 1679 R
746 1638 998 1699 brevemque
1027 1639 1141 1678 rami
1170 1638 1311 1679 orbem
1338 1638 1553 1696 foliosum,
1587 1642 1614 1682 d

135 1716 365 1777 brevesque
396 1732 615 1756 ramorum
647 1715 746 1756 orbe
772 1713 985 1771 foliosum.
1028 1717 1198 1757 Teclori
1218 1719 1309 1758 vice
1338 1718 1433 1767 rel,
1467 1733 1492 1760 a
1523 1719 1613 1760 bre·

133 1810 288 1855 vesque
316 1796 430 1834 ναηιί
456 1792 587 1849 obref'.
617 1794 814 1844 olim-mn,
840 1810 861 1835 ι·
891 1794 1036 1835 breves
1066 1798 1199 1836 ramis
1229 1797 1344 1837 obire
1366 1798 1518 1838 umbra
1546 1797 1614 1855 fo-

133 1873 297 1912 liornm.
364 1873 534 1920 Quodsi
564 1873 780 1915 vocabula
808 1866 992 1914 uieElaic
1023 1875 1316 1929 (littograpliia
1341 1876 1490 1917 vitiata
1510 1890 1612 1920 esse

132 1951 388 2001 admiseris,
424 1950 589 2006 reliqua
621 1953 785 2006 optimo
826 1966 961 1993 sensu
995 1960 1035 1992 et
1069 1954 1235 2006 perlevi
1265 1964 1340 1996 aut
1370 1956 1487 1997 nulla
1518 1971 1611 1999 mu-

133 2031 295 2071 tatione
325 2029 443 2070 sacta
473 2031 531 2070 ita
558 2029 749 2086 legenda
782 2040 931 2071 erunt:

185 2157 238 2163 -—
258 2128 459 2186 fertilem‚
492 2129 776 2192 brevemque
806 2133 940 2172 rami
967 2131 1133 2172 orbem
1161 2130 1238 2187 fol
1248 2134 1292 2174 io
1306 2149 1415 2174 rum
1446 2137 1615 2177 tectorii

184 2212 318 2250 vicem
344 2208 580 2265 parielibus
608 2209 824 2270 plerisque
852 2210 898 2249 in
928 2209 1030 2250 Iocis
1056 2217 1303 2264 praestant
1334 2226 1367 2254 c.
1400 2229 1439 2255 α.

736 2340 801 2388 47
820 2361 869 2383 =
888 2340 935 2402 4,
955 2341 1001 2388 9.

193 2455 249 2502 ln
281 2453 388 2518 ipsa
418 2454 681 2518 Aethiopia
714 2454 913 2515 friatur,
952 2455 1074 2502 haec
1112 2463 1240 2503 tanta
1279 2468 1354 2506 est
1391 2459 1603 2521 siccitas,

193 2552 242 2592 et
278 2543 462 2592 fariuae
499 2545 642 2593 modo
682 2545 922 2610 spissatur
960 2546 1008 2594 in
1042 2563 1213 2611 panem
1254 2549 1501 2616 (crusta).

239 2654 404 2695 Vocem
437 2654 543 2696 leaeo
576 2669 599 2697 e
620 2656 748 2698 codd.
776 2657 940 2698 addidit
971 2656 1164 2713 Silligius
1197 2673 1348 2701 verum
1379 2661 1603 2717 interpun-

124 2733 270 2773 ctione
302 2747 387 2774 non
422 2743 598 2778 mutata.
656 2733 942 2776 Manifestum
974 2743 1042 2777 est
1070 2745 1214 2778 autem
1244 2736 1601 2795 distinguendum

123 2822 246 2850 esse:
277 2807 444 2864 friatur
471 2810 578 2852 haec
610 2811 761 2867 (tanta
789 2818 850 2852 est
879 2812 1091 2866 siccitas),
1128 2820 1169 2855 et
1199 2813 1280 2860 rel.

1648 673 1672 712 Ν.)

1678 672 1700 711 Ν)

1711 673 1723 711 —

1631 2382 1713 2424 222
