1914 3237
747 173 865 213 Liber
902 174 1042 215 XVII.
1574 171 1628 214 39

157 317 241 345 11011
290 303 593 360 intelligerent,
652 303 875 344 molestam
918 303 1168 357 particulam
1220 303 1257 343 ei
1307 301 1626 344 substituerunt.

157 381 249 422 Nec
277 383 414 437 potuit
458 381 637 435 intelligi
667 393 760 421 cum
804 380 995 434 proximo
1026 381 1275 435 pronomine
1318 383 1419 420 haec
1457 379 1626 434 copula-

159 462 260 500 tum.
319 459 563 513 Antiquitus
593 461 670 499 hoc
700 457 963 498 scribebatur
992 457 1035 497 in
1068 457 1214 498 codice
1247 458 1496 513 archetypo,
1535 471 1624 498 cor-

156 540 318 577 rectum
347 540 519 590 postea,
567 535 682 576 unde
711 535 869 576 factum
901 540 965 575 est
994 539 1041 575 ut
1066 538 1290 589 utrumque
1320 548 1553 589 pronomen
1582 535 1624 576 in

156 613 412 668 posteriores
443 612 611 654 codices
642 613 975 668 transmigraret.
1033 612 1182 653 Altera
1212 625 1378 667 quoque
1410 625 1495 653 vox
1521 626 1624 663 qem-

155 703 243 731 mae
273 692 498 732 correctori
531 692 676 733 nescio
723 692 789 732 cui
821 690 997 732 debetur
1034 691 1144 731 male
1173 690 1233 730 illi
1263 689 1432 745 quidem
1464 689 1624 742 sedulo,

156 781 339 823 namque
361 782 469 824 quae
497 770 540 810 in
566 769 687 810 codd.
720 782 744 810 a
761 768 787 810 d
817 769 1023 824 reperitur
1052 773 1226 818 yermine
1255 768 1484 809 ablativum
1504 781 1624 822 prae-

155 846 228 887 bet
260 845 314 887 ad
343 846 567 888 verborum
599 852 851 888 structuram
883 847 1183 889 necessarium.
1224 845 1383 887 Cortex
1413 846 1525 886 enim
1554 845 1625 886 ubi

155 924 341 979 germine
375 925 599 980 expellitur
648 925 807 966 nodum
865 924 1001 966 efficit.
1063 924 1173 972 Quid
1224 924 1337 980 quod
1382 937 1407 964 a
1438 923 1624 978 Vergilio

157 1004 312 1058 Georg.
343 1004 394 1043 II.
427 1004 480 1046 7ss
509 1003 622 1043 idem
663 1003 916 1044 vocabulum
948 1001 1098 1043 eodem
1135 1016 1307 1058 prorsus
1350 1015 1478 1043 sensu
1507 1015 1625 1042 usur-

153 1084 297 1135 patur,
340 1093 422 1135 quo
454 1095 492 1122 v.
523 1080 578 1124 74
620 1083 843 1136 ,gemmae‘
890 1080 1083 1121 dixerat?
1140 1080 1268 1135 Apud
1297 1080 1479 1121 Plinium
1511 1079 1626 1121 haud

155 1157 281 1199 dubie
317 1157 625 1199 restituendum
657 1162 733 1206 est.
766 1159 801 1212 ἓ.
822 1160 903 1202 116
932 1158 1060 1199 Ianus
1092 1162 1208 1200 recte
1238 1158 1433 1199 lacunam
1464 1157 1626 1198 detexit

155 1249 332 1291 eamque
362 1235 636 1290 probabiliter
667 1236 866 1291 explevit.
898 1237 933 1290 ξ.
964 1237 1046 1279 120
1075 1235 1188 1277 idem
1220 1240 1262 1277 et
1292 1235 1479 1291 Silligius
1506 1248 1624 1291 egre-

153 1314 266 1369 giam
296 1313 637 1355 emendationem
667 1314 969 1369 neglexerunt,
1015 1327 1099 1369 qua
1130 1313 1178 1356 O.
1210 1313 1384 1354 Iahnius
1415 1313 1458 1354 in
1491 1313 1619 1369 ephe-

153 1392 384 1434 meridibus
427 1392 608 1433 instituti
645 1392 954 1448 archaeologici
1010 1391 1178 1444 (bullet.
1212 1391 1307 1432 dell’
1348 1392 1478 1433 instit.
1510 1392 1621 1435 arch.

154 1471 262 1513 1840
290 1485 330 1526 p.
363 1469 438 1526 12)
476 1473 654 1511 Tiburtes
685 1475 817 1512 tullios
844 1484 867 1512 e
898 1470 1091 1512 codicum
1127 1470 1309 1512 lectione
1343 1474 1425 1513 Tib.
1465 1473 1623 1512 Thalias

153 1549 220 1589 vel
256 1551 406 1590 Tzelle'as
436 1549 632 1591 restituit.
691 1548 855 1590 Ibidem
887 1548 1038 1604 Silligii
1074 1550 1360 1590 coniecturam
1386 1563 1461 1601 per
1491 1555 1623 1591 omnia

151 1627 297 1682 probo,
330 1628 366 1681 ἓ.
391 1627 471 1670 122
499 1626 639 1668 liberti
670 1640 825 1668 nomen
843 1631 1051 1668 Hetereias
1080 1627 1211 1668 fuisse
1242 1632 1284 1668 et
1303 1641 1378 1682 pro
1408 1631 1509 1670 haec
1530 1632 1622 1670 Ele-

151 1709 297 1746 reiana
326 1704 555 1760 legendum
587 1718 681 1746 esse
712 1709 953 1746 Hetereiana
981 1705 1231 1761 putaverim.

720 1797 810 1846 129
831 1816 890 1837 =
913 1798 1069 1855 18‚30.
1650 1798 1732 1841 322

218 1882 417 1932 Africae
455 1882 716 1948 peculiare,
755 1884 890 1948 quod
924 1884 972 1932 in
1008 1883 1221 1934 oleastro
1257 1883 1441 1934 inserit.

261 1971 385 2019 Quod
413 1970 539 2026 vulgo
576 1971 799 2026 legebatur
828 1976 876 2012 Α.
903 1986 942 2023 p.
975 1976 1130 2023 quidem
1160 1976 1199 2013 2⁰72
1230 1977 1401 2025 oleaslro
1433 1981 1490 2014 esc
1519 1977 1620 2014 inse-

150 2063 251 2102 rere,
290 2063 312 2090 e
345 2048 560 2090 codicibus
593 2049 678 2091 Sill.
713 2050 968 2103 emendavit,
1008 2050 1068 2092 ita
1097 2055 1239 2093 tamen
1271 2055 1316 2092 ut
1351 2051 1526 2093 verbum
1565 2060 1623 2093 esc

150 2126 264 2183 quod
292 2127 335 2168 in
365 2127 486 2169 codd.
517 2141 542 2168 a
571 2127 597 2168 d
636 2132 734 2169 ante
764 2132 901 2170 inserit
930 2128 1127 2170 scribitur
1165 2130 1389 2171 omitteret.
1433 2130 1492 2171 At
1520 2143 1619 2172 vero

149 2219 233 2247 non
257 2205 483 2247 delendum
513 2210 578 2247 est
609 2205 687 2247 sed
710 2206 769 2247 ita
791 2207 1174 2262 transponendum:

206 2285 371 2333 Africae
396 2288 603 2337 peculiare
632 2291 700 2336 est,
731 2288 840 2336 qaod
866 2289 906 2326 in
937 2289 986 2326 ol.
1020 2290 1168 2327 inserit.

713 2398 804 2445 152
823 2418 882 2438 =
895 2398 1053 2454 21:35.
1648 2412 1728 2456 323

223 2512 279 2518 -
318 2483 548 2548 quamdiu
585 2483 701 2533 nodi
737 2484 905 2549 pervia
941 2487 1074 2550 patet
1109 2483 1284 2535 fistula.
1342 2486 1460 2535 Cum
1498 2501 1615 2536 vero

214 2571 431 2623 concreti
469 2572 699 2621 ademere
735 2572 988 2622 transitum
1023 2573 1108 2623 rel.

257 2659 376 2701 Idem
422 2660 659 2701 subiectum
698 2663 794 2701 node·
835 2660 889 2702 ad
934 2664 1157 2717 utrumque
1204 2661 1378 2703 verbum
1420 2661 1617 2716 pertinet,

149 2738 290 2794 itaque
319 2738 434 2794 prius
470 2740 514 2780 in
540 2746 682 2791 palent
723 2742 908 2780 mutetur
947 2743 1124 2795 oportet.
1157 2740 1193 2794 ξ.
1224 2739 1304 2783 164
1336 2743 1508 2791 pedatae
1545 2743 1618 2780 erit

148 2816 381 2858 rectissime
411 2831 436 2859 a
466 2817 658 2860 Strackio
697 2817 740 2859 in
780 2830 829 2858 eo
869 2817 974 2859 libro
1015 2831 1096 2873 quo
1126 2817 1306 2859 Plinium
1345 2819 1388 2860 in
1425 2821 1613 2860 nostram
