1914 3237
749 187 864 226 Liber
894 187 1014 228 XIX.
1561 183 1615 231 87'

150 318 320 355 onmium
358 328 489 365 aquae
530 324 689 369 (neque
734 315 844 355 enim
890 329 1041 370 aquam
1085 316 1174 357 fere
1217 316 1379 358 fastidit
1425 317 1505 357 nisi
1544 317 1614 372 qui

150 391 296 433 morbo
330 392 445 446 regio
478 397 625 446 captus
656 391 830 444 fuerit),
871 393 945 433 sed
977 407 1061 435 una
1091 408 1193 435 voce
1223 395 1382 435 inserta
1413 395 1612 436 efficitur:

150 475 319 511 onmium
349 482 452 520 quae
477 472 656 518 fastidiis
685 473 900 511 medentur.
946 470 1225 512 Interciderat
1256 473 1367 512 enim
1398 473 1440 512 in
1471 472 1614 513 codice

150 539 378 602 archetypo
408 546 595 599 verbum,
626 547 686 587 uti
714 548 757 588 in
783 550 908 599 §.161
948 562 985 589 v.
1014 552 1179 599 prodest
1206 550 1248 589 in
1280 563 1342 590 ac
1361 549 1387 590 d
1418 550 1612 592 deest.—

151 627 186 680 §.
219 626 297 668 163
329 638 351 666 e
384 625 511 665 variis
544 625 820 677 coniecturis,
869 640 976 681 quae
1017 641 1041 667 a
1073 626 1265 667 Strackio
1310 632 1613 682 proponuntur,

149 715 242 744 eam
272 703 428 758 probO,
460 716 543 758 qua
573 709 672 744 ante
701 709 858 754 τηροῦ
886 719 923 745 v.
955 712 990 744 et
1020 704 1147 745 inseri
1176 704 1304 744 iubet.

373 797 464 843 166
500 809 553 828 ²—-
588 797 714 852 8,51.
759 792 1018 859 (lepidium
1055 809 1165 842 esse
1189 793 1389 855 dicitur)
1644 781 1725 823 414

214 880 345 933 foliis
383 880 503 930 lauri
539 882 628 931 sed
666 881 859 932 mollius
873 901 882 943 3
921 898 1039 931 usus
1079 881 1161 932 rel,

258 970 308 1011 In
339 983 402 1010 ac
422 969 447 1010 d
477 970 631 1025 legitur
660 973 841 1011 Muribus
882 975 955 1011 sed
989 975 1163 1023 mollius,
1207 970 1340 1022 unde,
1388 971 1486 1025 quia
1515 969 1617 1010 folia

148 1052 472 1103 comparant-ur,
516 1048 677 1089 conicio
709 1052 813 1089 lauri
840 1051 914 1089 sed
940 1052 1194 1090 mollioribus.
1253 1050 1289 1103 §2
1324 1049 1400 1091 171
1433 1048 1615 1090 editores

147 1125 357 1167 Harduini
415 1125 756 1166 emendationem
806 1132 1076 1168 contemnere
1129 1141 1213 1167 non
1257 1125 1492 1179 debebant,
1545 1127 1616 1181 qui

147 1207 279 1255 thapsa·
320 1216 342 1243 e
371 1202 553 1244 XXVII.
596 1203 668 1245 140
705 1204 941 1245 rectissime
985 1205 1027 1244 in
1065 1208 1208 1255 [hlaspz'
1249 1205 1440 1246 mutavit.
1497 1204 1615 1244 Idem

148 1282 261 1323 enim
299 1293 453 1321 nomen
493 1286 534 1321 et
578 1280 691 1335 apud
732 1281 1025 1322 Dioscoridem
1056 1283 1109 1324 Π.
1142 1283 1219 1324 ’1813
1259 1288 1300 1323 et
1338 1281 1451 1336 apud
1480 1282 1615 1335 Hesy-

150 1360 289 1400 61111111]
320 1359 541 1413 reperitur,
572 1359 640 1414 qui
673 1360 799 1400 etiam
827 1360 1011 1399 saurium
1031 1359 1233 1411 nominat,
1264 1359 1485 1414 Pamphilo
1518 1374 1614 1401 auc-

148 1442 260 1489 tore,
292 1442 338 1478 ut
368 1436 544 1478 videtur.
577 1436 711 1484 Quem
743 1437 964 1478 Menandri
994 1437 1098 1478 libro
1129 1438 1370 1493 βιόχρηστα
1399 1438 1615 1492 inscripto,

147 1515 256 1556 inter
287 1520 480 1556 auctores
512 1514 605 1555 libri
636 1514 816 1556 XXVII.
850 1521 1203 1567 commemorato,
1252 1529 1374 1556 11511111
1417 1529 1510 1556 6556
1534 1530 1613 1575 ΡΠ-

143 1595 332 1636 taverim.

368 1673 459 1720 174
495 1686 548 1705 =
585 1674 710 1728 9‚56.
764 1670 853 1729 (de
892 1670 1106 1720 cannabi
1135 1669 1374 1734 loquitur)
1641 1673 1720 1714 415

213 1757 404 1823 Optima
439 1757 771 1816 Alabandica,
832 1757 1082 1823 plagarum
1121 1760 1382 1824 praecipue
1421 1760 1611 1820 11511)115;

210 1848 298 1895 tria
335 1847 439 1895 61115
476 1846 539 1895 ibi
575 1861 784 1910 genera3
819 1846 1118 1911 improbatur
1151 1848 1317 1897 cortici
1341 1849 1613 1913 proximum

212 1940 292 1983 aut
328 1933 584 1992 medullae,
622 1934 955 1983 laudatissima
979 1940 1053 1984 est
1087 1952 1112 1985 e
1132 1936 1294 1986 medio
1325 1951 1449 2000 quae
1479 1946 1632 1985 mesa‘

211 2028 427 2081 vocatur,
466 2022 688 2071 secunda
722 2021 951 2087 Mylasea.

253 2111 445 2165 Mylasea
475 2110 678 2151 cannabis
706 2116 803 2165 post
824 2111 1135 2153 Alabandicam
1166 2112 1354 2153 secunda
1385 2117 1461 2165 est,
1494 2113 1612 2154 cuius

145 2189 226 2230 tria
256 2201 413 2244 genera
450 2201 567 2229 mese
607 2188 892 2230 absolvuntur.
953 2190 1144 2244 Apparet
1181 2191 1309 2245 igitur
1347 2195 1444 2231 ante
1482 2205 1520 2232 v.
1550 2204 1611 2231 se-

146 2270 281 2307 cunda
309 2266 475 2321 plenius
507 2267 893 2321 interpungendum
925 2281 1033 2310 esse.

703 2358 794 2405 175
833 2373 884 2391 =
922 2361 1047 2414 9‚56.
1641 2377 1723 2419 416

216 2439 416 2492 Ferulae
455 2443 550 2493 duo
589 2459 773 2508 genera
808 2444 854 2491 in
892 2445 1162 2508 peregrinis
1200 2445 1452 2495 fruticibus
1490 2445 1613 2494 dixi-

207 2546 342 2591 1nus;
397 2547 563 2580 semen
622 2532 725 2580 eius
779 2532 826 2580 in
878 2531 1008 2580 ltalia
1054 2534 1189 2582 cibus
1241 2539 1335 2594 est3
1388 2534 1614 2583 conditur

215 2619 396 2684 quippe
436 2620 672 2684 duratque
709 2620 756 2668 in
796 2621 954 2669 urceis
993 2621 1072 2670 vel
1109 2623 1218 2670 anni
1256 2622 1429 2686 spatio.
1490 2622 1611 2679 [Duo

211 2723 269 2756 ea
303 2722 488 2771 genera
525 2707 690 2757 caules
744 2714 790 2757 et
836 2710 1046 2768 1116611111.
1117 2709 1424 2773 Corymbiam
1483 2710 1609 2759 hane

216 2802 392 2845 vocant
429 2797 792 2861 corymbosque
829 2812 953 2861 quos
989 2798 1239 2847 condiunt.
