1914 3237
739 151 871 192 Liber
898 152 957 192 ΙΙ
962 184 971 194 .
1541 151 1594 191 29

124 284 194 318 tur
225 284 268 318 et
296 288 505 318 numerus
533 275 568 315 11
598 274 754 316 eodem
785 276 915 317 modo
947 276 987 316 in
1018 275 1073 315 IN
1108 282 1481 329 corrumperetur,
1511 288 1596 329 quo

124 365 159 424 ἓ.
180 366 274 408 242.
308 367 348 407 in
380 365 507 407 codd.
536 363 649 404 ARd
689 376 931 416 germanae
967 364 1217 417 scripturae
1254 364 1509 407 DCCCXCI
1537 362 1598 405 ul-

124 445 252 486 timus
284 457 492 485 numerus
522 434 555 483 Ῑ
586 442 790 497 proxima
832 455 944 483 voce
984 441 1045 482 Id
1082 442 1269 484 haustus
1306 452 1388 484 est.
1462 443 1599 486 Simili

124 536 276 564 errore
315 521 476 563 factum
509 528 599 575 est,
637 531 683 562 ut
712 519 832 572 §.37.
873 534 960 562 uno
989 535 1171 563 numero
1202 521 1359 563 leviter
1390 529 1598 577 corrupto

123 600 232 642 alter
269 614 294 641 a
333 600 511 642 librario
549 601 862 654 corrigeretur.
923 599 1127 642 Ceterum
1160 615 1183 642 e
1221 609 1376 642 nostro
1403 600 1598 643 sortasse

122 677 220 721 loco
255 681 415 734 corrigi
452 685 661 734 poterunt
694 677 890 721 Cononis
921 679 1057 719 vcrba
1095 679 1229 730 cali),
1273 680 1314 721 in
1347 680 1504 735 quibus
1532 681 1599 721 in—

122 757 246 799 sulae
274 771 433 799 nomen
465 759 689 800 excidisse
722 758 827 799 vidit
856 758 1084 800 Kannius:
1129 759 1174 800 ὲυ
1201 758 1366 815 Ἀνάφῃ
1400 759 1447 815 τῇ
1482 758 1598 813 νήσῳ

122 834 250 891 (αὕτη
282 837 314 880 S
348 835 461 879 ἐστὶν
490 836 592 891 ὑπὲρ
622 836 756 889 νήσου
786 835 950 892 Θήρας,
991 836 1076 889 οὐχ,
1111 835 1213 885 ἑκὰς
1243 838 1311 890 τῆς
1337 842 1600 894 Λακεδαιμο-

121 916 256 971 νίων).
318 916 612 958 Scribentlum
642 916 816 957 videtur
855 914 956 970 ὑπὲρ
985 915 1134 968 Μήλου
1164 914 1320 970 νήσου,
1350 916 1489 971 Θήρας
1516 916 1601 970 οὐχ

122 994 224 1044 ἑκὰς
251 994 319 1048 τὴς
347 995 709 1050 Λακεδαιμονίοω.

675 1084 773 1131 206
794 1109 838 1127 Ξ
858 1085 940 1146 92,
962 1085 1043 1132 94.

185 1187 398 1250 Pyrram
446 1191 494 1232 et
550 1183 859 1233 Antissam
909 1185 1038 1233 circa
1084 1185 1366 1234 Maeotim
1423 1193 1598 1251 pontus

187 1275 409 1336 abstulit,
442 1275 656 1323 Helicen
694 1282 743 1322 et
779 1276 964 1323 Buram
996 1276 1130 1323 sinus
1163 1276 1449 1325 Corinthius
1491 1308 1558 1314 —

231 1374 491 1418 Incredibile
523 1383 592 1417 est
623 1376 708 1417 ‹luo
739 1376 904 1430 oppida
939 1376 980 1417 in
1012 1376 1175 1418 vicinia
1207 1375 1378 1431 paludis
1410 1377 1599 1419 Maeotis

119 1457 202 1498 sita
234 1464 322 1497 tam
355 1456 548 1497 obscuro
588 1455 762 1497 interitu
808 1455 1077 1497 occubuisse
1111 1463 1157 1497 ut
1188 1465 1370 1510 praeter
1399 1465 1598 1498 nostrum

116 1535 262 1576 locum
305 1549 331 1576 a
365 1535 537 1576 nemine
575 1548 764 1590 unquam
797 1535 1140 1576 nominarentur.
1209 1535 1342 1591 Atqui
1377 1537 1417 1577 in
1451 1536 1598 1578 Lesbo

116 1613 259 1656 insula
292 1614 475 1668 Pyrram
512 1615 622 1654 mari
662 1614 865 1655 haustam
905 1627 1007 1654 esse
1045 1612 1162 1654 infra
1192 1612 1244 1654 V.
1266 1613 1356 1655 139.
1396 1617 1596 1664 traditur,

119 1701 266 1733 terrae
292 1700 411 1733 motu
441 1699 727 1745 prostratam,
760 1691 875 1746 quod
898 1691 1135 1733 Strabonis
1155 1693 1302 1734 verbis
1322 1694 1596 1749 X111.p.618.

117 1772 140 1823 ἦ
171 1770 213 1814 δὲ
244 1770 391 1826 Πύρρα
421 1771 728 1825 κατέστραπται
764 1770 1100 1812 demonstratur.
1145 1771 1349 1826 Apparet
1379 1774 1510 1829 igitur
1541 1775 1598 1815 al-

117 1857 255 1890 terum
286 1862 460 1904 quoque
501 1849 708 1903 oppidum
752 1849 909 1890 eodem
945 1856 1062 1890 motu
1108 1864 1206 1890 cum
1248 1852 1462 1893 maritima
1492 1860 1597 1894 tem·

115 1934 288 1983 pestate
328 1928 563 1969 coniuncto
609 1927 797 1969 deletum
838 1941 954 1970 esse.
1029 1928 1094 1969 Ea
1136 1936 1205 1971 est
1249 1937 1392 1972 autem
1435 1932 1598 1974 Arisba

114 2014 360 2058 „terrarum
383 2013 500 2048 motu
520 2008 771 2048 subversa“
801 2006 991 2061 (cf.l.l.),
1027 2009 1153 2050 cuius
1185 2022 1339 2065 agrum
1364 2018 1598 2053 tenuerunt

112 2085 412 2140 Methymnaei
445 2085 523 2139 (cf.
541 2086 690 2127 Herod
721 2086 750 2126 l.
769 2085 843 2126 151
864 2117 875 2135 ‚
899 2086 1045 2128 Strab.
1067 2087 1382 2144 X111.p.590)‚
1411 2092 1481 2145 qui
1509 2091 1596 2132 An·

112 2165 264 2205 tissam
298 2179 473 2220 quoque
503 2166 544 2206 in
576 2180 626 2207 se
668 2172 900 2207 traxerunt
934 2165 1010 2217 (cf.
1031 2165 1480 2211 Plin.l.l.Liv.Xm'.
1500 2168 1594 2224 31).

112 2242 226 2283 Hinc
258 2242 447 2284 efficitur
475 2251 628 2285 nostro
659 2244 760 2285 loco
782 2258 864 2298 pro
884 2244 1093 2284 M‘aeotim
1116 2244 1350 2299 legendum
1381 2261 1483 2289 esse
1503 2249 1596 2289 Me·

114 2320 348 2375 thymnam,
386 2323 500 2377 quod
542 2323 583 2363 in
625 2323 976 2378 protarchetypo
1022 2321 1173 2364 ultima
1217 2325 1393 2380 syllaba
1432 2328 1596 2370 omissa

111 2400 271 2441 vitiose
314 2401 527 2455 scriptum
570 2401 719 2443 fuerat
753 2403 957 2453 Meolim,
1017 2403 1132 2444 sicut
1165 2403 1203 2455 §.
1227 2404 1320 2447 202.
1358 2406 1398 2447 in
1431 2407 1530 2448 cod.
1556 2407 1597 2447 A

112 2477 241 2519 Neue
270 2478 310 2519 in
334 2479 477 2531 Neao,
507 2480 542 2531 §
561 2480 653 2522 219.
682 2481 834 2521 Baetis
863 2482 905 2523 in
930 2482 1024 2523 cod.
1049 2492 1101 2523 a}
1131 2483 1316 2535 Boeotis,
1349 2485 1389 2525 in
1416 2486 1516 2526 cotl.
1537 2486 1596 2527 Rl

109 2555 285 2596 Baeotis
309 2560 618 2614 corrumpitur.
686 2559 910 2600 Antissam
951 2568 1096 2602 autem
1136 2577 1264 2618 quam
1295 2565 1425 2604 modo
1451 2565 1596 2620 §.⁶204

109 2647 159 2676 se
187 2636 385 2678 scribere
420 2638 678 2679 meminerat
713 2639 941 2693 librarius,
979 2639 1051 2681 hic
1083 2640 1203 2683 facili
1251 2642 1379 2698 lapsu
1413 2645 1597 2686 iteravit.

109 2714 260 2769 Itaque
291 2716 572 2758 scribendum
606 2717 710 2758 erit:

164 2792 350 2847 Pyrrum
380 2801 420 2835 et
454 2795 695 2838 Arisbam
728 2797 843 2838 cirea
873 2797 1281 2853 Illetlzymnam.,
