1914 3237
744 199 862 239 Liber
877 200 919 239 Χ
931 200 1036 239 VIII.
1576 193 1628 236 53

746 353 808 398 78
844 372 891 392 =
929 352 1054 407 7‚18.

231 440 390 490 Grano
434 439 659 499 (hordei)
711 437 802 502 ipsi
839 436 1021 500 aliquot
1061 436 1382 493 differentiam
1437 434 1631 497 longius

231 527 489 591 leviusque
540 532 621 575 aut
666 524 865 575 brevius
917 530 997 573 aut
1035 524 1320 580 rotundius,
1377 522 1632 571 candidius

231 616 514 680 nigriusque
554 613 632 663 vel
671 613 745 662 cui
787 628 993 677 purpura
1034 617 1135 674 est3
1177 610 1342 659 ultimo
1366 611 1426 659 ad
1464 610 1634 674 polen-

228 710 338 762 tam,
378 708 543 752 contra
566 706 882 767 tempestates
917 700 1126 749 candido
1145 698 1353 747 maxima
1372 699 1632 747 infirmitas.

275 792 432 833 Rerum
464 803 751 846 generumque
797 802 904 844 quae
936 789 975 829 h.
1008 789 1031 830 l.
1064 787 1330 829 cumulantur
1360 787 1482 841 copia
1508 786 1634 827 libra-

165 872 249 912 rios
280 870 547 926 perturbatos
578 881 672 909 esse
703 880 786 908 non
819 872 883 908 est
913 867 1023 921 quod
1055 866 1267 918 miremur,
1300 869 1343 905 at
1358 865 1469 906 viros
1488 864 1634 904 doctos

166 953 261 1004 post
302 947 625 1001 Dalecampium
664 952 705 986 et
745 945 988 986 Pintianum
1025 944 1364 998 Theophrastum
1396 941 1510 982 VIII.
1542 943 1579 984 4.
1610 942 1636 984 2

166 1026 220 1067 ad
269 1024 581 1067 emendandum
619 1023 802 1064 Plinium
847 1029 929 1056 non
962 1019 1225 1082 adhibuisse,
1279 1021 1484 1075 Silligium
1537 1034 1635 1061 vero

166 1106 397 1158 Ianumque
428 1102 812 1156 interpunctionem
856 1101 915 1141 ita
945 1105 1133 1141 mutasse
1179 1107 1223 1139 nt
1263 1099 1328 1138 vel
1367 1099 1500 1139 maior
1539 1098 1636 1138 inde

166 1187 356 1223 oreretur
403 1181 624 1221 verborum
671 1180 860 1219 confusio
907 1179 1008 1218 satis
1057 1178 1199 1218 mirari
1247 1190 1426 1231 nequeo.
1496 1178 1637 1230 Atque

166 1259 484 1315 Theophrastus
530 1257 677 1298 hordei
723 1271 855 1311 grana
900 1256 1093 1297 bifariam
1138 1255 1274 1295 forma
1318 1261 1358 1295 et
1397 1254 1536 1294 colore
1580 1253 1638 1294 ita

169 1337 398 1380 distribuit:
429 1340 503 1378 καὶ
531 1334 676 1378 αὐτῶν
709 1335 758 1376 δὲ
795 1339 881 1376 τῶν
913 1338 1080 1390 κριῦιῖν
1108 1333 1154 1374 αἱ
1176 1335 1255 1386 μὲν
1274 1332 1638 1388 στρογγυλότεραι

167 1420 241 1458 καὶ
270 1414 477 1464 ἐλάττους
507 1413 552 1455 αἱ
585 1414 634 1455 δὲ
664 1416 1012 1468 προμψηκέστεραι
1038 1415 1111 1453 καὶ
1146 1413 1321 1465 μείζους
1351 1413 1424 1451 καὶ
1452 1409 1638 1463 μανότε-

168 1512 241 1551 ραι
271 1494 382 1535 κατὰ
413 1493 490 1534 τὸν
522 1490 700 1544 στάχυν.
740 1490 803 1533 ἔτι
835 1491 882 1532 δὲ
916 1490 961 1531 αἱ
990 1492 1070 1544 μὲν
1099 1491 1251 1531 λευκαὶ
1282 1488 1327 1530 αἱ
1358 1488 1405 1529 δὲ.
1433 1489 1640 1542 μέλαιναι

166 1576 239 1613 καὶ
257 1569 709 1626 ἐπιπορφυρίζουσαι,
730 1570 861 1623 αἴπερ
880 1573 953 1610 καὶ
973 1568 1270 1622 πολυάλφιτοι
1289 1567 1500 1608 δοκοῦσιν
1525 1563 1639 1606 εἶναι

167 1654 240 1691 καὶ
268 1649 378 1705 πρὸς
408 1648 508 1697 τοὺς
540 1651 755 1701 χειμῶνας
787 1647 834 1688 δὲ
866 1651 937 1687 καὶ
967 1647 1020 1686 τὰ
1053 1646 1283 1699 πνεύματα
1321 1648 1393 1685 καὶ
1424 1642 1533 1695 ὅλως
1563 1642 1640 1684 τὸν

169 1726 279 1783 ἀέρα
310 1732 396 1767 τῶν
425 1727 591 1767 λευκῶν
622 1723 915 1780 ἰσχυρότεραι.
976 1725 1198 1779 Sequitur⁷
1230 1723 1342 1778 apud
1367 1722 1549 1762 Plinium
1582 1721 1639 1761 al-

170 1815 302 1846 teram
344 1803 591 1858 particulam
640 1812 708 1843 αυτ
738 1803 779 1842 in
812 1803 1007 1857 copulam
1040 1810 1076 1842 et
1111 1801 1358 1842 mutandam
1388 1813 1502 1852 esse3
1542 1813 1640 1839 nam

170 1882 380 1924 adieetivo
404 1885 559 1931 lonqlus
598 1882 761 1921 Graeca
789 1866 1139 1936 πὸομηκέστεραι
1178 1884 1251 1921 καὶ
1287 1880 1486 1933 μείζους,
1537 1890 1641 1918 voce

169 1964 368 2010 leviusque
416 1973 540 2015 quani
586 1959 695 1999 male
727 1959 943 1999 Strackius
994 1971 1096 1999 voce
1138 1958 1392 1999 Germanica
1432 1956 1641 2010 ,glaetter‘

171 2039 470 2092 interpretatus
503 2047 586 2089 est,
630 2037 823 2091 proxima
853 2040 924 2078 καὶ
953 2036 1194 2092 μανότεραι
1225 2035 1335 2076 κατὰ
1365 2035 1442 2076 τὸν
1477 2031 1642 2086 στάχυν

172 2114 497 2157 transferuntur:
547 2120 693 2155 contra
730 2115 772 2154 in
819 2115 868 2154 iis
909 2128 1016 2169 quae
1057 2118 1290 2168 sequuntur
1336 2111 1530 2167 copulam
1568 2124 1642 2162 que

173 2193 366 2234 vitiosam
393 2206 486 2233 esse
525 2206 633 2248 quae
664 2193 705 2232 in
738 2192 882 2233 codice
916 2195 942 2230 Ι)
976 2192 1063 2232 solo
1096 2191 1321 2246 reperitur,
1364 2189 1516 2230 deinde
1546 2203 1642 2244 pro-

171 2272 308 2312 ximas
337 2284 463 2311 voces
494 2271 554 2311 ita
577 2269 847 2324 corrigendas
881 2283 974 2310 esse
1006 2278 1051 2309 ut
1068 2269 1232 2309 sublato
1259 2268 1381 2309 tertio
1402 2268 1472 2309 illo
1503 2267 1643 2309 colore

174 2350 279 2390 alter
308 2361 615 2403 purpurascere
649 2348 829 2405 dicatur,
877 2347 989 2402 quod
1019 2347 1131 2388 facili
1176 2352 1217 2387 et
1247 2346 1362 2387 nulla
1392 2349 1478 2387 sere
1508 2349 1642 2386 muta-

175 2426 289 2467 tione
320 2425 514 2477 efficitur,
545 2426 580 2465 si
611 2425 808 2480 legimus:
840 2429 1042 2475 nimiusve
1068 2429 1169 2465 velus
1193 2439 1392 2476 purpura.
1424 2425 1643 2465 Postremo

174 2504 333 2559 nigrius
363 2502 568 2544 hordeum
599 2502 779 2544 candido
812 2502 975 2543 duabus
996 2503 1121 2543 rebus
1146 2508 1354 2558 praestat,
1391 2502 1572 2542 utilitate
1605 2507 1645 2542 et

174 2582 384 2623 firmitate.
446 2581 634 2622 Alteram
665 2580 983 2635 Theophrastus
1015 2595 1115 2622 voce
1154 2582 1451 2636 πολυάλφιτοι
1481 2580 1644 2621 indica-

175 2660 245 2712 vit,
264 2659 425 2700 Plinius
446 2660 648 2714 proximis
670 2659 808 2700 verbis
829 2660 1028 2711 definivit„
1057 2673 1164 2714 quae
1185 2660 1244 2700 sic
1263 2664 1384 2700 erunt
1401 2657 1642 2699 scribenda:

174 2744 230 2778 est
263 2741 503 2778 utilissimum
536 2742 591 2778 acl
617 2743 826 2791 polentam,
859 2738 1033 2779 alteram
1062 2738 1229 2778 codices
1255 2742 1369 2778 recte
1389 2736 1643 2778 describunt.

176 2815 337 2862 Quibus
362 2817 679 2872 comprehensis
713 2831 811 2858 ecce
844 2816 943 2857 talia
975 2816 1098 2856 Plinii
1128 2815 1258 2856 verba
1288 2815 1518 2871 prodeunt:

1662 410 1742 453 349
