<?xml version="1.0" encoding="UTF-8"?>
<!DOCTYPE html PUBLIC "-//W3C//DTD XHTML 1.0 Transitional//EN"
    "http://www.w3.org/TR/xhtml1/DTD/xhtml1-transitional.dtd">
<html xmlns="http://www.w3.org/1999/xhtml" xml:lang="en" lang="en">
 <head>
  <title>
</title>
<meta http-equiv="Content-Type" content="text/html;charset=utf-8" />
  <meta name='ocr-system' content='tesseract 3.04.00' />
  <meta name='ocr-capabilities' content='ocr_page ocr_carea ocr_par ocr_line ocrx_word'/>
</head>
<body>
  <div class='ocr_page' id='page_1' title='image "./vindiciaeplinian00urliuoft_0266.png"; bbox 0 0 1914 3237; ppageno 0'>
   <div class='ocr_carea' id='block_1_1' title="bbox 189 737 269 781">
    <p class='ocr_par' dir='ltr' id='par_1_1' title="bbox 189 737 269 781">
     <span class='ocr_line' id='line_1_1' title="bbox 189 737 269 781; baseline 0 -2"><span class='ocrx_word' id='word_1_1' title='bbox 189 737 269 781; x_wconf 77' lang='lat'>374</span> 
     </span>
    </p>
   </div>
   <div class='ocr_carea' id='block_1_2' title="bbox 190 1945 270 1988">
    <p class='ocr_par' dir='ltr' id='par_1_2' title="bbox 190 1945 270 1988">
     <span class='ocr_line' id='line_1_2' title="bbox 190 1945 270 1988; baseline 0.025 -2"><span class='ocrx_word' id='word_1_2' title='bbox 190 1945 270 1988; x_wconf 76' lang='lat'>375</span> 
     </span>
    </p>
   </div>
   <div class='ocr_carea' id='block_1_3' title="bbox 192 2500 273 2543">
    <p class='ocr_par' dir='ltr' id='par_1_3' title="bbox 192 2500 273 2543">
     <span class='ocr_line' id='line_1_3' title="bbox 192 2500 273 2543; baseline 0.025 -2"><span class='ocrx_word' id='word_1_3' title='bbox 192 2500 273 2543; x_wconf 79' lang='lat' dir='ltr'>37ss</span> 
     </span>
    </p>
   </div>
   <div class='ocr_carea' id='block_1_4' title="bbox 302 173 1186 216">
    <p class='ocr_par' dir='ltr' id='par_1_4' title="bbox 302 173 1186 216">
     <span class='ocr_line' id='line_1_4' title="bbox 302 173 1186 216; baseline -0.001 0"><span class='ocrx_word' id='word_1_4' title='bbox 302 173 354 216; x_wconf 85' lang='grc'>66</span> <span class='ocrx_word' id='word_1_5' title='bbox 887 175 1003 214; x_wconf 81' lang='lat' dir='ltr'>Liber</span> <span class='ocrx_word' id='word_1_6' title='bbox 1022 175 1186 215; x_wconf 82' lang='lat' dir='ltr'><em>XVIII.</em></span> 
     </span>
    </p>
   </div>
   <div class='ocr_carea' id='block_1_5' title="bbox 299 301 1765 1084">
    <p class='ocr_par' dir='ltr' id='par_1_5' title="bbox 299 301 1764 804">
     <span class='ocr_line' id='line_1_5' title="bbox 301 301 1761 357; baseline 0.002 -16"><span class='ocrx_word' id='word_1_7' title='bbox 301 304 446 342; x_wconf 79' lang='lat' dir='ltr'>dextra</span> <span class='ocrx_word' id='word_1_8' title='bbox 489 315 569 341; x_wconf 80' lang='lat' dir='ltr'>una</span> <span class='ocrx_word' id='word_1_9' title='bbox 614 315 731 342; x_wconf 77' lang='lat' dir='ltr'>manu</span> <span class='ocrx_word' id='word_1_10' title='bbox 775 309 884 343; x_wconf 81' lang='lat' dir='ltr'>secat</span> <span class='ocrx_word' id='word_1_11' title='bbox 912 301 947 343; x_wconf 89' lang='grc' dir='ltr'><strong>Τ</strong></span> <span class='ocrx_word' id='word_1_12' title='bbox 977 302 1003 342; x_wconf 89' lang='lat' dir='ltr'>d</span> <span class='ocrx_word' id='word_1_13' title='bbox 1053 302 1166 357; x_wconf 90' lang='lat' dir='ltr'>quod</span> <span class='ocrx_word' id='word_1_14' title='bbox 1196 302 1324 344; x_wconf 86' lang='lat' dir='ltr'>Ianus</span> <span class='ocrx_word' id='word_1_15' title='bbox 1375 302 1554 357; x_wconf 87' lang='lat' dir='ltr'>recepit,</span> <span class='ocrx_word' id='word_1_16' title='bbox 1611 303 1761 344; x_wconf 86' lang='lat' dir='ltr'>melius</span> 
     </span>
     <span class='ocr_line' id='line_1_6' title="bbox 302 378 1760 434; baseline 0.001 -15"><span class='ocrx_word' id='word_1_17' title='bbox 302 378 400 431; x_wconf 66' lang='lat' dir='ltr'>Sin,</span> <span class='ocrx_word' id='word_1_18' title='bbox 433 379 503 434; x_wconf 93' lang='lat' dir='ltr'>qui</span> <span class='ocrx_word' id='word_1_19' title='bbox 520 379 704 434; x_wconf 87' lang='lat' dir='ltr'>glossam</span> <span class='ocrx_word' id='word_1_20' title='bbox 735 379 874 420; x_wconf 83' lang='lat' dir='ltr'>verbis</span> <span class='ocrx_word' id='word_1_21' title='bbox 905 379 1044 420; x_wconf 87' lang='lat' dir='ltr'>inesse</span> <span class='ocrx_word' id='word_1_22' title='bbox 1074 379 1190 432; x_wconf 89' lang='lat' dir='ltr'>vidit,</span> <span class='ocrx_word' id='word_1_23' title='bbox 1222 384 1264 420; x_wconf 88' lang='lat' dir='ltr'>at</span> <span class='ocrx_word' id='word_1_24' title='bbox 1293 379 1401 420; x_wconf 89' lang='lat' dir='ltr'>hanc</span> <span class='ocrx_word' id='word_1_25' title='bbox 1431 380 1474 420; x_wconf 90' lang='lat' dir='ltr'>in</span> <span class='ocrx_word' id='word_1_26' title='bbox 1498 379 1760 421; x_wconf 85' lang='lat' dir='ltr'>substantivo</span> 
     </span>
     <span class='ocr_line' id='line_1_7' title="bbox 301 456 1761 512; baseline 0.001 -16"><span class='ocrx_word' id='word_1_27' title='bbox 301 457 439 511; x_wconf 83' lang='lat' dir='ltr'>potius</span> <span class='ocrx_word' id='word_1_28' title='bbox 464 470 588 512; x_wconf 88' lang='lat' dir='ltr'>quam</span> <span class='ocrx_word' id='word_1_29' title='bbox 608 458 650 498; x_wconf 92' lang='lat' dir='ltr'>in</span> <span class='ocrx_word' id='word_1_30' title='bbox 682 456 889 499; x_wconf 88' lang='lat' dir='ltr'>adiectivo</span> <span class='ocrx_word' id='word_1_31' title='bbox 920 458 1210 512; x_wconf 80' lang='lat' dir='ltr'><strong>quaesiverim.</strong></span> <span class='ocrx_word' id='word_1_32' title='bbox 1243 460 1352 498; x_wconf 79' lang='lat' dir='ltr'>Italiz&#39;</span> <span class='ocrx_word' id='word_1_33' title='bbox 1381 458 1423 498; x_wconf 89' lang='lat' dir='ltr'>in</span> <span class='ocrx_word' id='word_1_34' title='bbox 1454 457 1546 499; x_wconf 87' lang='lat' dir='ltr'>cod.</span> <span class='ocrx_word' id='word_1_35' title='bbox 1579 471 1604 498; x_wconf 86' lang='lat' dir='ltr'>a</span> <span class='ocrx_word' id='word_1_36' title='bbox 1634 470 1659 498; x_wconf 86' lang='lat' dir='ltr'>a</span> <span class='ocrx_word' id='word_1_37' title='bbox 1678 457 1761 498; x_wconf 92' lang='lat' dir='ltr'>Pli-</span> 
     </span>
     <span class='ocr_line' id='line_1_8' title="bbox 301 535 1764 589; baseline 0.001 -15"><span class='ocrx_word' id='word_1_38' title='bbox 301 535 370 574; x_wconf 91' lang='lat' dir='ltr'>nio</span> <span class='ocrx_word' id='word_1_39' title='bbox 404 537 537 576; x_wconf 79' lang='lat' dir='ltr'>llctlz&#39;ci</span> <span class='ocrx_word' id='word_1_40' title='bbox 579 535 779 589; x_wconf 90' lang='lat' dir='ltr'>scriptum</span> <span class='ocrx_word' id='word_1_41' title='bbox 813 548 907 576; x_wconf 90' lang='lat' dir='ltr'>esse</span> <span class='ocrx_word' id='word_1_42' title='bbox 956 535 1126 577; x_wconf 88' lang='lat' dir='ltr'>indicat.</span> <span class='ocrx_word' id='word_1_43' title='bbox 1186 535 1351 576; x_wconf 82' lang='lat' dir='ltr'>Deinde</span> <span class='ocrx_word' id='word_1_44' title='bbox 1390 536 1537 576; x_wconf 81' lang='lat' dir='ltr'>ultima</span> <span class='ocrx_word' id='word_1_45' title='bbox 1573 535 1714 576; x_wconf 85' lang='lat' dir='ltr'>littera</span> <span class='ocrx_word' id='word_1_46' title='bbox 1743 547 1764 575; x_wconf 84' lang='lat' dir='ltr'>e</span> 
     </span>
     <span class='ocr_line' id='line_1_9' title="bbox 299 611 1758 655; baseline 0.001 -3"><span class='ocrx_word' id='word_1_47' title='bbox 299 613 413 653; x_wconf 86' lang='lat' dir='ltr'>vocis</span> <span class='ocrx_word' id='word_1_48' title='bbox 430 615 624 653; x_wconf 74' lang='lat' dir='ltr'><em>exhalare</em></span> <span class='ocrx_word' id='word_1_49' title='bbox 655 611 879 653; x_wconf 87' lang='lat' dir='ltr'>emendata</span> <span class='ocrx_word' id='word_1_50' title='bbox 909 611 1047 652; x_wconf 88' lang='lat' dir='ltr'>scribo</span> <span class='ocrx_word' id='word_1_51' title='bbox 1078 615 1264 654; x_wconf 75' lang='lat' dir='ltr'>exhalari</span> <span class='ocrx_word' id='word_1_52' title='bbox 1292 617 1482 655; x_wconf 79' lang='lat' dir='ltr'>matutino</span> <span class='ocrx_word' id='word_1_53' title='bbox 1513 616 1694 654; x_wconf 81' lang='lat' dir='ltr'><em>nebulam</em></span> <span class='ocrx_word' id='word_1_54' title='bbox 1714 637 1758 642; x_wconf 77' lang='lat'>—-</span> 
     </span>
     <span class='ocr_line' id='line_1_10' title="bbox 299 698 547 731; baseline 0 0"><span class='ocrx_word' id='word_1_55' title='bbox 299 698 446 731; x_wconf 76' lang='lat' dir='ltr'>certum</span> <span class='ocrx_word' id='word_1_56' title='bbox 478 698 547 731; x_wconf 82' lang='lat' dir='ltr'>est.</span> 
     </span>
     <span class='ocr_line' id='line_1_11' title="bbox 854 747 1196 804; baseline 0 -10"><span class='ocrx_word' id='word_1_57' title='bbox 854 747 1196 804; x_wconf 70' lang='lat'>263=28‚67.</span> 
     </span>
    </p>

    <p class='ocr_par' dir='ltr' id='par_1_6' title="bbox 364 842 1764 908">
     <span class='ocr_line' id='line_1_12' title="bbox 364 842 1764 908; baseline 0 -16"><span class='ocrx_word' id='word_1_58' title='bbox 364 873 425 880; x_wconf 92' lang='lat'>—-</span> <span class='ocrx_word' id='word_1_59' title='bbox 460 845 506 893; x_wconf 89' lang='lat' dir='ltr'>in</span> <span class='ocrx_word' id='word_1_60' title='bbox 564 844 672 908; x_wconf 87' lang='lat' dir='ltr'>ipso</span> <span class='ocrx_word' id='word_1_61' title='bbox 725 844 905 908; x_wconf 88' lang='lat' dir='ltr'>pabulo</span> <span class='ocrx_word' id='word_1_62' title='bbox 962 858 1058 894; x_wconf 91' lang='lat' dir='ltr'>non</span> <span class='ocrx_word' id='word_1_63' title='bbox 1109 844 1267 892; x_wconf 90' lang='lat' dir='ltr'>minus</span> <span class='ocrx_word' id='word_1_64' title='bbox 1327 842 1639 892; x_wconf 82' lang='lat' dir='ltr'>emolumenti</span> <span class='ocrx_word' id='word_1_65' title='bbox 1690 848 1764 892; x_wconf 88' lang='lat' dir='ltr'>est</span> 
     </span>
    </p>

    <p class='ocr_par' dir='ltr' id='par_1_7' title="bbox 365 930 1765 995">
     <span class='ocr_line' id='line_1_13' title="bbox 365 930 1765 995; baseline 0.001 -16"><span class='ocrx_word' id='word_1_66' title='bbox 365 946 509 995; x_wconf 88' lang='lat' dir='ltr'>quam</span> <span class='ocrx_word' id='word_1_67' title='bbox 545 947 573 980; x_wconf 88' lang='lat' dir='ltr'>a</span> <span class='ocrx_word' id='word_1_68' title='bbox 607 931 736 981; x_wconf 78' lang='lat' dir='ltr'>feno.</span> <span class='ocrx_word' id='word_1_69' title='bbox 788 933 1131 981; x_wconf 84' lang='lat' dir='ltr'>Armentorum</span> <span class='ocrx_word' id='word_1_70' title='bbox 1168 931 1217 980; x_wconf 89' lang='lat' dir='ltr'>id</span> <span class='ocrx_word' id='word_1_71' title='bbox 1255 946 1381 990; x_wconf 83' lang='lat' dir='ltr'>cura,</span> <span class='ocrx_word' id='word_1_72' title='bbox 1417 930 1765 980; x_wconf 82' lang='lat' dir='ltr'>iumentorum-</span> 
     </span>
    </p>

    <p class='ocr_par' dir='ltr' id='par_1_8' title="bbox 364 1018 1765 1084">
     <span class='ocr_line' id='line_1_14' title="bbox 364 1018 1765 1084; baseline 0 -16"><span class='ocrx_word' id='word_1_73' title='bbox 364 1034 458 1083; x_wconf 89' lang='lat' dir='ltr'>que</span> <span class='ocrx_word' id='word_1_74' title='bbox 514 1022 859 1084; x_wconf 78' lang='lat' dir='ltr'>progeneratio</span> <span class='ocrx_word' id='word_1_75' title='bbox 911 1035 1051 1068; x_wconf 86' lang='lat' dir='ltr'>suum</span> <span class='ocrx_word' id='word_1_76' title='bbox 1103 1019 1279 1084; x_wconf 87' lang='lat' dir='ltr'>cuique</span> <span class='ocrx_word' id='word_1_77' title='bbox 1333 1018 1584 1070; x_wconf 78' lang='lat' dir='ltr'>consilium</span> <span class='ocrx_word' id='word_1_78' title='bbox 1620 1019 1765 1078; x_wconf 85' lang='lat' dir='ltr'>dabit,</span> 
     </span>
    </p>
   </div>
   <div class='ocr_carea' id='block_1_6' title="bbox 298 1107 1767 1872">
    <p class='ocr_par' dir='ltr' id='par_1_9' title="bbox 363 1107 1425 1172">
     <span class='ocr_line' id='line_1_15' title="bbox 363 1107 1425 1172; baseline 0 -16"><span class='ocrx_word' id='word_1_79' title='bbox 363 1107 544 1171; x_wconf 83' lang='lat' dir='ltr'>optimo</span> <span class='ocrx_word' id='word_1_80' title='bbox 581 1108 787 1156; x_wconf 78' lang='lat' dir='ltr'>maxime</span> <span class='ocrx_word' id='word_1_81' title='bbox 825 1107 1167 1172; x_wconf 80' lang='lat' dir='ltr'>quadrigarum</span> <span class='ocrx_word' id='word_1_82' title='bbox 1205 1112 1425 1172; x_wconf 80' lang='lat' dir='ltr'>quaestu.</span> 
     </span>
    </p>

    <p class='ocr_par' dir='ltr' id='par_1_10' title="bbox 298 1194 1767 1703">
     <span class='ocr_line' id='line_1_16' title="bbox 407 1194 1767 1251; baseline 0.002 -16"><span class='ocrx_word' id='word_1_83' title='bbox 407 1194 551 1235; x_wconf 87' lang='lat' dir='ltr'>Verba</span> <span class='ocrx_word' id='word_1_84' title='bbox 580 1198 624 1236; x_wconf 69' lang='lat' dir='ltr'>id</span> <span class='ocrx_word' id='word_1_85' title='bbox 653 1209 752 1236; x_wconf 80' lang='lat' dir='ltr'>cura</span> <span class='ocrx_word' id='word_1_86' title='bbox 796 1195 955 1236; x_wconf 87' lang='lat' dir='ltr'>nullam</span> <span class='ocrx_word' id='word_1_87' title='bbox 987 1196 1154 1236; x_wconf 88' lang='lat' dir='ltr'>omnino</span> <span class='ocrx_word' id='word_1_88' title='bbox 1188 1196 1511 1251; x_wconf 82' lang='lat' dir='ltr'>explicationem</span> <span class='ocrx_word' id='word_1_89' title='bbox 1543 1197 1767 1238; x_wconf 81' lang='lat' dir='ltr'>admittere</span> 
     </span>
     <span class='ocr_line' id='line_1_17' title="bbox 299 1270 1765 1330; baseline 0.003 -19"><span class='ocrx_word' id='word_1_90' title='bbox 299 1270 385 1314; x_wconf 83' lang='lat' dir='ltr'>Sill.</span> <span class='ocrx_word' id='word_1_91' title='bbox 409 1272 730 1314; x_wconf 85' lang='lat' dir='ltr'>animadvertit:</span> <span class='ocrx_word' id='word_1_92' title='bbox 771 1272 881 1327; x_wconf 91' lang='lat' dir='ltr'>quod</span> <span class='ocrx_word' id='word_1_93' title='bbox 912 1287 1011 1314; x_wconf 90' lang='lat' dir='ltr'>vero</span> <span class='ocrx_word' id='word_1_94' title='bbox 1029 1273 1120 1328; x_wconf 88' lang='lat' dir='ltr'>ipse</span> <span class='ocrx_word' id='word_1_95' title='bbox 1151 1274 1329 1314; x_wconf 86' lang='lat' dir='ltr'>coniecit</span> <span class='ocrx_word' id='word_1_96' title='bbox 1354 1277 1488 1323; x_wconf 80' lang='lat' dir='ltr'>selura</span> <span class='ocrx_word' id='word_1_97' title='bbox 1520 1289 1614 1316; x_wconf 85' lang='lat' dir='ltr'>oum</span> <span class='ocrx_word' id='word_1_98' title='bbox 1643 1288 1765 1330; x_wconf 89' lang='lat' dir='ltr'>prae-</span> 
     </span>
     <span class='ocr_line' id='line_1_18' title="bbox 299 1349 1765 1405; baseline 0.001 -15"><span class='ocrx_word' id='word_1_99' title='bbox 299 1349 475 1390; x_wconf 86' lang='lat' dir='ltr'>cedente</span> <span class='ocrx_word' id='word_1_100' title='bbox 507 1364 634 1391; x_wconf 89' lang='lat' dir='ltr'>sensu</span> <span class='ocrx_word' id='word_1_101' title='bbox 664 1365 748 1391; x_wconf 92' lang='lat' dir='ltr'>non</span> <span class='ocrx_word' id='word_1_102' title='bbox 781 1351 884 1392; x_wconf 87' lang='lat' dir='ltr'>satis</span> <span class='ocrx_word' id='word_1_103' title='bbox 913 1355 1011 1405; x_wconf 88' lang='lat' dir='ltr'>apte</span> <span class='ocrx_word' id='word_1_104' title='bbox 1041 1351 1310 1391; x_wconf 88' lang='lat' dir='ltr'>coniunctum</span> <span class='ocrx_word' id='word_1_105' title='bbox 1342 1356 1416 1394; x_wconf 88' lang='lat' dir='ltr'>est.</span> <span class='ocrx_word' id='word_1_106' title='bbox 1448 1353 1605 1393; x_wconf 83' lang='lat' dir='ltr'>Durius</span> <span class='ocrx_word' id='word_1_107' title='bbox 1639 1352 1765 1393; x_wconf 86' lang='lat' dir='ltr'>etiam</span> 
     </span>
     <span class='ocr_line' id='line_1_19' title="bbox 298 1428 1766 1486; baseline 0.002 -19"><span class='ocrx_word' id='word_1_108' title='bbox 298 1428 424 1468; x_wconf 90' lang='lat' dir='ltr'>Ianus</span> <span class='ocrx_word' id='word_1_109' title='bbox 456 1433 852 1469; x_wconf 67' lang='lat' dir='ltr'>armcanentur-iorum</span> <span class='ocrx_word' id='word_1_110' title='bbox 882 1432 925 1469; x_wconf 77' lang='lat' dir='ltr'>id</span> <span class='ocrx_word' id='word_1_111' title='bbox 953 1443 1051 1470; x_wconf 79' lang='grc' dir='ltr'><em>σανα</em></span> <span class='ocrx_word' id='word_1_112' title='bbox 1070 1443 1147 1469; x_wconf 90' lang='lat' dir='ltr'>nec</span> <span class='ocrx_word' id='word_1_113' title='bbox 1177 1429 1279 1470; x_wconf 87' lang='lat' dir='ltr'>satis</span> <span class='ocrx_word' id='word_1_114' title='bbox 1311 1430 1527 1483; x_wconf 80' lang='lat' dir='ltr'>concinne,</span> <span class='ocrx_word' id='word_1_115' title='bbox 1565 1444 1692 1486; x_wconf 90' lang='lat' dir='ltr'>quum</span> <span class='ocrx_word' id='word_1_116' title='bbox 1723 1429 1766 1470; x_wconf 94' lang='lat' dir='ltr'>hi</span> 
     </span>
     <span class='ocr_line' id='line_1_20' title="bbox 298 1505 1763 1562; baseline 0.001 -16"><span class='ocrx_word' id='word_1_117' title='bbox 298 1505 515 1547; x_wconf 85' lang='lat' dir='ltr'>vocabulis</span> <span class='ocrx_word' id='word_1_118' title='bbox 562 1521 700 1559; x_wconf 88' lang='lat' dir='ltr'>,suum</span> <span class='ocrx_word' id='word_1_119' title='bbox 732 1507 882 1562; x_wconf 88' lang='lat' dir='ltr'>cuique</span> <span class='ocrx_word' id='word_1_120' title='bbox 919 1507 1150 1547; x_wconf 79' lang='lat' dir='ltr'>consilium‘</span> <span class='ocrx_word' id='word_1_121' title='bbox 1199 1508 1609 1562; x_wconf 83' lang='lat' dir='ltr'>comprehendantur</span> <span class='ocrx_word' id='word_1_122' title='bbox 1640 1512 1681 1548; x_wconf 91' lang='lat' dir='ltr'>et</span> <span class='ocrx_word' id='word_1_123' title='bbox 1711 1507 1763 1548; x_wconf 90' lang='lat' dir='ltr'>de</span> 
     </span>
     <span class='ocr_line' id='line_1_21' title="bbox 298 1584 1763 1639; baseline 0.001 -15"><span class='ocrx_word' id='word_1_124' title='bbox 298 1584 545 1638; x_wconf 84' lang='lat' dir='ltr'>pecudibus,</span> <span class='ocrx_word' id='word_1_125' title='bbox 577 1599 660 1626; x_wconf 89' lang='lat' dir='ltr'>non</span> <span class='ocrx_word' id='word_1_126' title='bbox 693 1584 744 1625; x_wconf 92' lang='lat' dir='ltr'>de</span> <span class='ocrx_word' id='word_1_127' title='bbox 776 1584 984 1639; x_wconf 86' lang='lat' dir='ltr'>pecuariis</span> <span class='ocrx_word' id='word_1_128' title='bbox 1017 1591 1179 1639; x_wconf 83' lang='lat' dir='ltr'>agatur.</span> <span class='ocrx_word' id='word_1_129' title='bbox 1237 1585 1434 1626; x_wconf 81' lang='lat' dir='ltr'>Praestat</span> <span class='ocrx_word' id='word_1_130' title='bbox 1464 1586 1547 1627; x_wconf 88' lang='lat' dir='ltr'>leni</span> <span class='ocrx_word' id='word_1_131' title='bbox 1577 1585 1763 1627; x_wconf 87' lang='lat' dir='ltr'>remedio</span> 
     </span>
     <span class='ocr_line' id='line_1_22' title="bbox 298 1662 501 1703; baseline 0.005 -2"><span class='ocrx_word' id='word_1_132' title='bbox 298 1662 501 1703; x_wconf 86' lang='lat' dir='ltr'>scribere:</span> 
     </span>
    </p>

    <p class='ocr_par' dir='ltr' id='par_1_11' title="bbox 299 1741 1279 1872">
     <span class='ocr_line' id='line_1_23' title="bbox 353 1741 986 1782; baseline -0.002 -1"><span class='ocrx_word' id='word_1_133' title='bbox 353 1748 620 1782; x_wconf 78' lang='lat' dir='ltr'>armentorum</span> <span class='ocrx_word' id='word_1_134' title='bbox 650 1743 762 1781; x_wconf 78' lang='lat' dir='ltr'>ideo</span> <span class='ocrx_word' id='word_1_135' title='bbox 793 1754 891 1781; x_wconf 78' lang='lat' dir='ltr'>cura</span> <span class='ocrx_word' id='word_1_136' title='bbox 911 1741 986 1780; x_wconf 89' lang='lat' dir='ltr'>rel.</span> 
     </span>
     <span class='ocr_line' id='line_1_24' title="bbox 299 1817 1279 1872; baseline 0 -13"><span class='ocrx_word' id='word_1_137' title='bbox 299 1819 335 1872; x_wconf 66' lang='grc' dir='ltr'>ξ.</span> <span class='ocrx_word' id='word_1_138' title='bbox 367 1819 446 1861; x_wconf 67' lang='grc'>265</span> <span class='ocrx_word' id='word_1_139' title='bbox 477 1822 518 1859; x_wconf 91' lang='lat' dir='ltr'>et</span> <span class='ocrx_word' id='word_1_140' title='bbox 547 1818 629 1862; x_wconf 81' lang='grc'>266</span> <span class='ocrx_word' id='word_1_141' title='bbox 659 1818 788 1859; x_wconf 90' lang='lat' dir='ltr'>Ianus</span> <span class='ocrx_word' id='word_1_142' title='bbox 818 1817 984 1859; x_wconf 83' lang='lat' dir='ltr'>videtur</span> <span class='ocrx_word' id='word_1_143' title='bbox 1016 1817 1279 1859; x_wconf 82' lang='lat' dir='ltr'>emendasse.</span> 
     </span>
    </p>
   </div>
   <div class='ocr_carea' id='block_1_7' title="bbox 365 1946 1764 2094">
    <p class='ocr_par' dir='ltr' id='par_1_12' title="bbox 365 1946 1764 2094">
     <span class='ocr_line' id='line_1_25' title="bbox 856 1946 1206 2001; baseline -0.003 -8"><span class='ocrx_word' id='word_1_144' title='bbox 856 1946 952 1993; x_wconf 82' lang='lat'>288</span> <span class='ocrx_word' id='word_1_145' title='bbox 970 1966 1028 1986; x_wconf 88' lang='lat'>=</span> <span class='ocrx_word' id='word_1_146' title='bbox 1047 1946 1206 2001; x_wconf 80' lang='lat'><strong>29‚69.</strong></span> 
     </span>
     <span class='ocr_line' id='line_1_26' title="bbox 365 2029 1764 2094; baseline 0.001 -16"><span class='ocrx_word' id='word_1_147' title='bbox 365 2029 606 2094; x_wconf 83' lang='lat' dir='ltr'>Equidem</span> <span class='ocrx_word' id='word_1_148' title='bbox 643 2035 690 2080; x_wconf 83' lang='lat' dir='ltr'>et</span> <span class='ocrx_word' id='word_1_149' title='bbox 726 2030 984 2081; x_wconf 75' lang='lat' dir='ltr'>solstitium</span> <span class='ocrx_word' id='word_1_150' title='bbox 1021 2030 1144 2080; x_wconf 91' lang='lat' dir='ltr'>VIIl.</span> <span class='ocrx_word' id='word_1_151' title='bbox 1170 2030 1263 2079; x_wconf 84' lang='lat' dir='ltr'>kal.</span> <span class='ocrx_word' id='word_1_152' title='bbox 1285 2030 1428 2079; x_wconf 87' lang='lat' dir='ltr'>Iulias</span> <span class='ocrx_word' id='word_1_153' title='bbox 1451 2030 1588 2080; x_wconf 86' lang='lat' dir='ltr'>simili</span> <span class='ocrx_word' id='word_1_154' title='bbox 1619 2044 1764 2079; x_wconf 80' lang='lat' dir='ltr'>causa</span> 
     </span>
    </p>
   </div>
   <div class='ocr_carea' id='block_1_8' title="bbox 301 2118 1765 2418">
    <p class='ocr_par' dir='ltr' id='par_1_13' title="bbox 301 2118 1765 2418">
     <span class='ocr_line' id='line_1_27' title="bbox 367 2118 602 2168; baseline 0.009 -2"><span class='ocrx_word' id='word_1_155' title='bbox 367 2118 602 2168; x_wconf 85' lang='lat' dir='ltr'>duxerim.</span> 
     </span>
     <span class='ocr_line' id='line_1_28' title="bbox 411 2205 1764 2261; baseline -0.001 -14"><span class='ocrx_word' id='word_1_156' title='bbox 411 2205 516 2247; x_wconf 85' lang='lat' dir='ltr'>Cum</span> <span class='ocrx_word' id='word_1_157' title='bbox 550 2221 574 2247; x_wconf 89' lang='lat' dir='ltr'>a</span> <span class='ocrx_word' id='word_1_158' title='bbox 604 2212 645 2248; x_wconf 88' lang='lat' dir='ltr'>ot</span> <span class='ocrx_word' id='word_1_159' title='bbox 677 2206 805 2248; x_wconf 89' lang='lat' dir='ltr'>schol.</span> <span class='ocrx_word' id='word_1_160' title='bbox 839 2207 1034 2249; x_wconf 87' lang='lat' dir='ltr'>German.</span> <span class='ocrx_word' id='word_1_161' title='bbox 1079 2205 1305 2261; x_wconf 85' lang='lat' dir='ltr'>legendum</span> <span class='ocrx_word' id='word_1_162' title='bbox 1337 2210 1400 2246; x_wconf 88' lang='lat' dir='ltr'>est</span> <span class='ocrx_word' id='word_1_163' title='bbox 1432 2210 1470 2246; x_wconf 76' lang='lat' dir='ltr'>in</span> <span class='ocrx_word' id='word_1_164' title='bbox 1500 2209 1634 2258; x_wconf 78' lang='lat' dir='ltr'>simili,</span> <span class='ocrx_word' id='word_1_165' title='bbox 1683 2218 1764 2259; x_wconf 91' lang='lat' dir='ltr'>quo</span> 
     </span>
     <span class='ocr_line' id='line_1_29' title="bbox 301 2283 1765 2340; baseline -0.001 -15"><span class='ocrx_word' id='word_1_166' title='bbox 301 2284 425 2325; x_wconf 89' lang='lat' dir='ltr'>modo</span> <span class='ocrx_word' id='word_1_167' title='bbox 472 2285 622 2326; x_wconf 86' lang='lat' dir='ltr'>eadem</span> <span class='ocrx_word' id='word_1_168' title='bbox 662 2285 920 2340; x_wconf 88' lang='lat' dir='ltr'>praepositio</span> <span class='ocrx_word' id='word_1_169' title='bbox 957 2284 1096 2325; x_wconf 90' lang='lat' dir='ltr'><strong>XVII.</strong></span> <span class='ocrx_word' id='word_1_170' title='bbox 1128 2284 1208 2328; x_wconf 88' lang='grc'>222</span> <span class='ocrx_word' id='word_1_171' title='bbox 1251 2288 1488 2340; x_wconf 88' lang='lat' dir='ltr'>usurpatur.</span> <span class='ocrx_word' id='word_1_172' title='bbox 1547 2284 1647 2324; x_wconf 84' lang='lat' dir='ltr'>Alia</span> <span class='ocrx_word' id='word_1_173' title='bbox 1676 2283 1765 2324; x_wconf 88' lang='lat' dir='ltr'>eius</span> 
     </span>
     <span class='ocr_line' id='line_1_30' title="bbox 301 2362 1277 2418; baseline -0.001 -16"><span class='ocrx_word' id='word_1_174' title='bbox 301 2376 402 2402; x_wconf 86' lang='lat' dir='ltr'>usus</span> <span class='ocrx_word' id='word_1_175' title='bbox 436 2363 633 2418; x_wconf 78' lang='lat' dir='ltr'>exempla</span> <span class='ocrx_word' id='word_1_176' title='bbox 663 2362 938 2418; x_wconf 79' lang='lat' dir='ltr'>Grasbergcr.</span> <span class='ocrx_word' id='word_1_177' title='bbox 970 2377 1011 2417; x_wconf 90' lang='lat' dir='ltr'>p.</span> <span class='ocrx_word' id='word_1_178' title='bbox 1042 2362 1095 2405; x_wconf 69' lang='lat'>(50</span> <span class='ocrx_word' id='word_1_179' title='bbox 1128 2362 1277 2403; x_wconf 88' lang='lat' dir='ltr'>attulit.</span> 
     </span>
    </p>
   </div>
   <div class='ocr_carea' id='block_1_9' title="bbox 304 2455 1768 2858">
    <p class='ocr_par' dir='ltr' id='par_1_14' title="bbox 304 2455 1768 2858">
     <span class='ocr_line' id='line_1_31' title="bbox 864 2455 1214 2510; baseline -0.006 -8"><span class='ocrx_word' id='word_1_180' title='bbox 864 2457 958 2502; x_wconf 82' lang='lat'>295</span> <span class='ocrx_word' id='word_1_181' title='bbox 978 2474 1036 2494; x_wconf 88' lang='lat'>=</span> <span class='ocrx_word' id='word_1_182' title='bbox 1055 2455 1214 2510; x_wconf 75' lang='lat'>29,71.</span> 
     </span>
     <span class='ocr_line' id='line_1_32' title="bbox 370 2536 1766 2605; baseline -0.004 -15"><span class='ocrx_word' id='word_1_183' title='bbox 370 2539 530 2605; x_wconf 88' lang='lat' dir='ltr'>Opera</span> <span class='ocrx_word' id='word_1_184' title='bbox 583 2540 762 2589; x_wconf 81' lang='lat' dir='ltr'>rustica</span> <span class='ocrx_word' id='word_1_185' title='bbox 814 2539 956 2589; x_wconf 86' lang='lat' dir='ltr'>huius</span> <span class='ocrx_word' id='word_1_186' title='bbox 1017 2538 1259 2589; x_wconf 82' lang='lat' dir='ltr'>intervalli</span> <span class='ocrx_word' id='word_1_187' title='bbox 1297 2580 1305 2588; x_wconf 95' lang='lat'>.</span> <span class='ocrx_word' id='word_1_188' title='bbox 1344 2577 1354 2588; x_wconf 84' lang='lat'><strong>.</strong></span> <span class='ocrx_word' id='word_1_189' title='bbox 1395 2577 1404 2587; x_wconf 89' lang='lat'><strong>.</strong></span> <span class='ocrx_word' id='word_1_190' title='bbox 1445 2578 1454 2588; x_wconf 88' lang='lat'><strong>.</strong></span> <span class='ocrx_word' id='word_1_191' title='bbox 1491 2553 1651 2587; x_wconf 84' lang='lat' dir='ltr'>aream</span> <span class='ocrx_word' id='word_1_192' title='bbox 1704 2536 1766 2585; x_wconf 87' lang='lat' dir='ltr'>ad</span> 
     </span>
     <span class='ocr_line' id='line_1_33' title="bbox 367 2627 1767 2692; baseline -0.002 -16"><span class='ocrx_word' id='word_1_193' title='bbox 367 2643 577 2676; x_wconf 82' lang='lat' dir='ltr'>messem</span> <span class='ocrx_word' id='word_1_194' title='bbox 602 2632 733 2677; x_wconf 86' lang='lat' dir='ltr'>creta</span> <span class='ocrx_word' id='word_1_195' title='bbox 755 2643 1056 2692; x_wconf 82' lang='lat' dir='ltr'>praeparare,</span> <span class='ocrx_word' id='word_1_196' title='bbox 1095 2627 1292 2677; x_wconf 80' lang='lat' dir='ltr'>Catonis</span> <span class='ocrx_word' id='word_1_197' title='bbox 1313 2627 1553 2676; x_wconf 83' lang='lat' dir='ltr'>sententia</span> <span class='ocrx_word' id='word_1_198' title='bbox 1573 2639 1767 2674; x_wconf 81' lang='lat' dir='ltr'>amurca</span> 
     </span>
     <span class='ocr_line' id='line_1_34' title="bbox 370 2715 1252 2780; baseline 0 -16"><span class='ocrx_word' id='word_1_199' title='bbox 370 2721 700 2780; x_wconf 79' lang='lat' dir='ltr'>temperatam,</span> <span class='ocrx_word' id='word_1_200' title='bbox 740 2715 944 2780; x_wconf 80' lang='lat' dir='ltr'>Vergilii</span> <span class='ocrx_word' id='word_1_201' title='bbox 982 2715 1252 2780; x_wconf 66' lang='lat' dir='ltr'>operosius,</span> 
     </span>
     <span class='ocr_line' id='line_1_35' title="bbox 304 2799 1768 2858; baseline -0.003 -13"><span class='ocrx_word' id='word_1_202' title='bbox 304 2807 361 2845; x_wconf 83' lang='lat' dir='ltr'>ad</span> <span class='ocrx_word' id='word_1_203' title='bbox 386 2817 466 2845; x_wconf 89' lang='lat' dir='ltr'>om.</span> <span class='ocrx_word' id='word_1_204' title='bbox 498 2804 539 2844; x_wconf 92' lang='lat' dir='ltr'>in</span> <span class='ocrx_word' id='word_1_205' title='bbox 570 2803 690 2845; x_wconf 90' lang='lat' dir='ltr'>codd.</span> <span class='ocrx_word' id='word_1_206' title='bbox 723 2817 748 2844; x_wconf 87' lang='lat' dir='ltr'>a</span> <span class='ocrx_word' id='word_1_207' title='bbox 766 2803 792 2844; x_wconf 89' lang='lat' dir='ltr'>d</span> <span class='ocrx_word' id='word_1_208' title='bbox 825 2803 997 2858; x_wconf 85' lang='lat' dir='ltr'>(reliqui</span> <span class='ocrx_word' id='word_1_209' title='bbox 1027 2802 1127 2857; x_wconf 86' lang='lat' dir='ltr'>quid</span> <span class='ocrx_word' id='word_1_210' title='bbox 1155 2801 1342 2843; x_wconf 85' lang='lat' dir='ltr'>habeant</span> <span class='ocrx_word' id='word_1_211' title='bbox 1371 2814 1455 2842; x_wconf 91' lang='lat' dir='ltr'>non</span> <span class='ocrx_word' id='word_1_212' title='bbox 1485 2802 1673 2853; x_wconf 86' lang='lat' dir='ltr'>constat)</span> <span class='ocrx_word' id='word_1_213' title='bbox 1698 2799 1768 2841; x_wconf 88' lang='lat' dir='ltr'>de-</span> 
     </span>
    </p>
   </div>
  </div>
 </body>
</html>
