<?xml version="1.0" encoding="UTF-8"?>
<!DOCTYPE html PUBLIC "-//W3C//DTD XHTML 1.0 Transitional//EN"
    "http://www.w3.org/TR/xhtml1/DTD/xhtml1-transitional.dtd">
<html xmlns="http://www.w3.org/1999/xhtml" xml:lang="en" lang="en">
 <head>
  <title>
</title>
<meta http-equiv="Content-Type" content="text/html;charset=utf-8" />
  <meta name='ocr-system' content='tesseract 3.04.00' />
  <meta name='ocr-capabilities' content='ocr_page ocr_carea ocr_par ocr_line ocrx_word'/>
</head>
<body>
  <div class='ocr_page' id='page_1' title='image "./vindiciaeplinian00urliuoft_0453.png"; bbox 0 0 1914 3237; ppageno 0'>
   <div class='ocr_carea' id='block_1_1' title="bbox 760 197 1677 242">
    <p class='ocr_par' dir='ltr' id='par_1_1' title="bbox 760 197 1677 242">
     <span class='ocr_line' id='line_1_1' title="bbox 760 197 1677 242; baseline 0.007 -6"><span class='ocrx_word' id='word_1_1' title='bbox 760 197 876 238; x_wconf 79' lang='lat' dir='ltr'>Liber</span> <span class='ocrx_word' id='word_1_2' title='bbox 902 198 1032 238; x_wconf 86' lang='lat' dir='ltr'>XXX</span> <span class='ocrx_word' id='word_1_3' title='bbox 1040 198 1127 239; x_wconf 86' lang='lat' dir='ltr'><em>VII.</em></span> <span class='ocrx_word' id='word_1_4' title='bbox 1595 197 1677 242; x_wconf 79' lang='lat'>253</span> 
     </span>
    </p>
   </div>
   <div class='ocr_carea' id='block_1_2' title="bbox 277 325 1678 480">
    <p class='ocr_par' dir='ltr' id='par_1_2' title="bbox 277 325 1678 480">
     <span class='ocr_line' id='line_1_2' title="bbox 280 325 1678 391; baseline 0.001 -15"><span class='ocrx_word' id='word_1_5' title='bbox 280 327 328 376; x_wconf 89' lang='lat' dir='ltr'>in</span> <span class='ocrx_word' id='word_1_6' title='bbox 363 326 525 386; x_wconf 78' lang='lat' dir='ltr'>terris,</span> <span class='ocrx_word' id='word_1_7' title='bbox 570 325 822 376; x_wconf 79' lang='lat' dir='ltr'>excedens</span> <span class='ocrx_word' id='word_1_8' title='bbox 856 325 1187 391; x_wconf 83' lang='lat' dir='ltr'>amplitudine,</span> <span class='ocrx_word' id='word_1_9' title='bbox 1225 342 1485 378; x_wconf 89' lang='lat' dir='ltr'>numerosa</span> <span class='ocrx_word' id='word_1_10' title='bbox 1523 329 1678 378; x_wconf 89' lang='lat' dir='ltr'>varie-</span> 
     </span>
     <span class='ocr_line' id='line_1_3' title="bbox 277 415 1276 480; baseline 0.001 -16"><span class='ocrx_word' id='word_1_11' title='bbox 277 415 455 464; x_wconf 80' lang='lat' dir='ltr'>tatibus</span> <span class='ocrx_word' id='word_1_12' title='bbox 492 415 788 464; x_wconf 89' lang='lat' dir='ltr'>mutantibus</span> <span class='ocrx_word' id='word_1_13' title='bbox 826 415 1122 480; x_wconf 78' lang='lat' dir='ltr'>cognomina</span> <span class='ocrx_word' id='word_1_14' title='bbox 1159 416 1276 465; x_wconf 73' lang='lat' dir='ltr'>eius</span> 
     </span>
    </p>
   </div>
   <div class='ocr_carea' id='block_1_3' title="bbox 210 514 1681 882">
    <p class='ocr_par' dir='ltr' id='par_1_3' title="bbox 210 514 1681 882">
     <span class='ocr_line' id='line_1_4' title="bbox 322 514 1679 569; baseline 0.002 -14"><span class='ocrx_word' id='word_1_15' title='bbox 322 529 425 566; x_wconf 81' lang='lat' dir='ltr'>quae</span> <span class='ocrx_word' id='word_1_16' title='bbox 453 523 606 556; x_wconf 81' lang='lat' dir='ltr'>mutant</span> <span class='ocrx_word' id='word_1_17' title='bbox 649 519 884 565; x_wconf 68' lang='lat' dir='ltr'>coqnomz&#39;na</span> <span class='ocrx_word' id='word_1_18' title='bbox 914 519 997 556; x_wconf 73' lang='lat' dir='ltr'>eius</span> <span class='ocrx_word' id='word_1_19' title='bbox 1038 514 1162 555; x_wconf 81' lang='lat' dir='ltr'>scribi</span> <span class='ocrx_word' id='word_1_20' title='bbox 1194 518 1382 569; x_wconf 80' lang='lat' dir='ltr'><strong>oportet,</strong></span> <span class='ocrx_word' id='word_1_21' title='bbox 1431 515 1536 557; x_wconf 87' lang='lat' dir='ltr'>haec</span> <span class='ocrx_word' id='word_1_22' title='bbox 1568 517 1679 558; x_wconf 90' lang='lat' dir='ltr'>enim</span> 
     </span>
     <span class='ocr_line' id='line_1_5' title="bbox 210 591 1679 648; baseline 0.002 -15"><span class='ocrx_word' id='word_1_23' title='bbox 210 593 408 648; x_wconf 85' lang='lat' dir='ltr'>leguntur</span> <span class='ocrx_word' id='word_1_24' title='bbox 443 593 486 633; x_wconf 89' lang='lat' dir='ltr'>in</span> <span class='ocrx_word' id='word_1_25' title='bbox 516 592 565 634; x_wconf 90' lang='lat' dir='ltr'>B.</span> <span class='ocrx_word' id='word_1_26' title='bbox 597 618 638 622; x_wconf 97' lang='lat'><strong>—</strong></span> <span class='ocrx_word' id='word_1_27' title='bbox 706 593 744 647; x_wconf 80' lang='lat'>§.</span> <span class='ocrx_word' id='word_1_28' title='bbox 776 593 856 635; x_wconf 85' lang='lat'>140</span> <span class='ocrx_word' id='word_1_29' title='bbox 886 605 994 648; x_wconf 88' lang='lat' dir='ltr'>quae</span> <span class='ocrx_word' id='word_1_30' title='bbox 1028 605 1052 633; x_wconf 88' lang='lat' dir='ltr'>a</span> <span class='ocrx_word' id='word_1_31' title='bbox 1081 591 1116 632; x_wconf 92' lang='lat' dir='ltr'><strong>B</strong></span> <span class='ocrx_word' id='word_1_32' title='bbox 1147 592 1416 647; x_wconf 86' lang='lat' dir='ltr'>omittuntur,</span> <span class='ocrx_word' id='word_1_33' title='bbox 1469 594 1583 635; x_wconf 86' lang='lat' dir='ltr'>varie</span> <span class='ocrx_word' id='word_1_34' title='bbox 1626 596 1679 636; x_wconf 85' lang='lat' dir='ltr'>ab</span> 
     </span>
     <span class='ocr_line' id='line_1_6' title="bbox 213 670 1681 727; baseline 0.001 -16"><span class='ocrx_word' id='word_1_35' title='bbox 213 670 445 712; x_wconf 84' lang='lat' dir='ltr'>editoribus</span> <span class='ocrx_word' id='word_1_36' title='bbox 470 675 646 723; x_wconf 84' lang='lat' dir='ltr'>mutata,</span> <span class='ocrx_word' id='word_1_37' title='bbox 677 671 737 712; x_wconf 84' lang='lat' dir='ltr'>ita</span> <span class='ocrx_word' id='word_1_38' title='bbox 763 677 860 712; x_wconf 89' lang='lat' dir='ltr'>sunt</span> <span class='ocrx_word' id='word_1_39' title='bbox 888 670 1144 724; x_wconf 84' lang='lat' dir='ltr'>interpolata</span> <span class='ocrx_word' id='word_1_40' title='bbox 1172 675 1218 711; x_wconf 88' lang='lat' dir='ltr'>ut</span> <span class='ocrx_word' id='word_1_41' title='bbox 1258 671 1410 726; x_wconf 84' lang='lat' dir='ltr'>corrigi</span> <span class='ocrx_word' id='word_1_42' title='bbox 1439 685 1567 727; x_wconf 86' lang='lat' dir='ltr'>posse</span> <span class='ocrx_word' id='word_1_43' title='bbox 1596 685 1681 713; x_wconf 92' lang='lat' dir='ltr'>non</span> 
     </span>
     <span class='ocr_line' id='line_1_7' title="bbox 212 748 1681 804; baseline 0.002 -15"><span class='ocrx_word' id='word_1_44' title='bbox 212 748 453 790; x_wconf 85' lang='lat' dir='ltr'>videantur:</span> <span class='ocrx_word' id='word_1_45' title='bbox 516 748 698 790; x_wconf 85' lang='lat' dir='ltr'>fortasse</span> <span class='ocrx_word' id='word_1_46' title='bbox 729 748 954 804; x_wconf 85' lang='lat' dir='ltr'>adsumpto</span> <span class='ocrx_word' id='word_1_47' title='bbox 986 761 1008 789; x_wconf 90' lang='lat' dir='ltr'>e</span> <span class='ocrx_word' id='word_1_48' title='bbox 1041 748 1173 789; x_wconf 89' lang='lat' dir='ltr'>Solini</span> <span class='ocrx_word' id='word_1_49' title='bbox 1203 751 1294 790; x_wconf 90' lang='lat' dir='ltr'>loco</span> <span class='ocrx_word' id='word_1_50' title='bbox 1324 750 1362 791; x_wconf 83' lang='lat'>5.</span> <span class='ocrx_word' id='word_1_51' title='bbox 1393 749 1446 793; x_wconf 78' lang='lat'>26</span> <span class='ocrx_word' id='word_1_52' title='bbox 1475 750 1681 792; x_wconf 83' lang='lat' dir='ltr'>vocabulo</span> 
     </span>
     <span class='ocr_line' id='line_1_8' title="bbox 213 826 1598 882; baseline 0.002 -15"><span class='ocrx_word' id='word_1_53' title='bbox 213 827 486 879; x_wconf 79' lang='lat' dir='ltr'>,animalium‘</span> <span class='ocrx_word' id='word_1_54' title='bbox 525 826 750 882; x_wconf 86' lang='lat' dir='ltr'>legendum</span> <span class='ocrx_word' id='word_1_55' title='bbox 785 832 849 868; x_wconf 89' lang='lat' dir='ltr'>est</span> <span class='ocrx_word' id='word_1_56' title='bbox 879 836 914 867; x_wconf 76' lang='lat' dir='ltr'>el</span> <span class='ocrx_word' id='word_1_57' title='bbox 944 830 1111 867; x_wconf 73' lang='lat' dir='ltr'>aliorum</span> <span class='ocrx_word' id='word_1_58' title='bbox 1142 831 1372 869; x_wconf 73' lang='lat' dir='ltr'>animalium</span> <span class='ocrx_word' id='word_1_59' title='bbox 1401 832 1598 870; x_wconf 70' lang='lat' dir='ltr'>staticula.</span> 
     </span>
    </p>
   </div>
   <div class='ocr_carea' id='block_1_4' title="bbox 277 959 1799 1203">
    <p class='ocr_par' dir='ltr' id='par_1_4' title="bbox 277 959 1799 1203">
     <span class='ocr_line' id='line_1_9' title="bbox 750 959 1799 1010; baseline -0.008 -1"><span class='ocrx_word' id='word_1_60' title='bbox 750 963 840 1010; x_wconf 76' lang='lat'>142</span> <span class='ocrx_word' id='word_1_61' title='bbox 876 976 929 996; x_wconf 87' lang='lat'><strong><em>=</em></strong></span> <span class='ocrx_word' id='word_1_62' title='bbox 966 959 1161 1010; x_wconf 85' lang='lat' dir='ltr'>ibidem.</span> <span class='ocrx_word' id='word_1_63' title='bbox 1716 959 1799 1002; x_wconf 83' lang='grc'>860</span> 
     </span>
     <span class='ocr_line' id='line_1_10' title="bbox 279 1047 1682 1113; baseline 0 -16"><span class='ocrx_word' id='word_1_64' title='bbox 279 1064 384 1098; x_wconf 89' lang='lat' dir='ltr'>eam</span> <span class='ocrx_word' id='word_1_65' title='bbox 414 1065 533 1100; x_wconf 89' lang='lat' dir='ltr'>vero</span> <span class='ocrx_word' id='word_1_66' title='bbox 573 1064 698 1113; x_wconf 87' lang='lat' dir='ltr'>quae</span> <span class='ocrx_word' id='word_1_67' title='bbox 737 1049 878 1098; x_wconf 90' lang='lat' dir='ltr'>unius</span> <span class='ocrx_word' id='word_1_68' title='bbox 915 1048 1092 1098; x_wconf 89' lang='lat' dir='ltr'>coloris</span> <span class='ocrx_word' id='word_1_69' title='bbox 1130 1049 1192 1097; x_wconf 82' lang='lat' dir='ltr'>sit</span> <span class='ocrx_word' id='word_1_70' title='bbox 1225 1048 1456 1098; x_wconf 85' lang='lat' dir='ltr'>invictam</span> <span class='ocrx_word' id='word_1_71' title='bbox 1485 1047 1682 1098; x_wconf 80' lang='lat' dir='ltr'>athletis</span> 
     </span>
     <span class='ocr_line' id='line_1_11' title="bbox 277 1136 1518 1203; baseline -0.001 -16"><span class='ocrx_word' id='word_1_72' title='bbox 277 1153 389 1187; x_wconf 88' lang='lat' dir='ltr'>esse</span> <span class='ocrx_word' id='word_1_73' title='bbox 426 1139 677 1199; x_wconf 86' lang='lat' dir='ltr'>(dicunt);</span> <span class='ocrx_word' id='word_1_74' title='bbox 715 1143 1070 1203; x_wconf 81' lang='lat' dir='ltr'>argumentum,</span> <span class='ocrx_word' id='word_1_75' title='bbox 1107 1136 1239 1201; x_wconf 90' lang='lat' dir='ltr'>quod</span> <span class='ocrx_word' id='word_1_76' title='bbox 1276 1166 1335 1174; x_wconf 91' lang='lat'><strong>—</strong></span> <span class='ocrx_word' id='word_1_77' title='bbox 1373 1137 1518 1187; x_wconf 84' lang='lat' dir='ltr'>faciat</span> 
     </span>
    </p>
   </div>
   <div class='ocr_carea' id='block_1_5' title="bbox 210 1236 1684 1450">
    <p class='ocr_par' dir='ltr' id='par_1_5' title="bbox 210 1236 1684 1450">
     <span class='ocr_line' id='line_1_12' title="bbox 212 1236 1683 1290; baseline 0.001 -13"><span class='ocrx_word' id='word_1_78' title='bbox 212 1245 484 1288; x_wconf 63' lang='lat' dir='ltr'>armamentum</span> <span class='ocrx_word' id='word_1_79' title='bbox 515 1251 599 1278; x_wconf 81' lang='lat' dir='ltr'>esse</span> <span class='ocrx_word' id='word_1_80' title='bbox 627 1242 709 1279; x_wconf 74' lang='lat' dir='ltr'>eius</span> <span class='ocrx_word' id='word_1_81' title='bbox 748 1236 868 1279; x_wconf 84' lang='lat' dir='ltr'>codd.</span> <span class='ocrx_word' id='word_1_82' title='bbox 900 1242 1080 1289; x_wconf 67' lang='lat' dir='ltr'>recent,</span> <span class='ocrx_word' id='word_1_83' title='bbox 1125 1245 1377 1290; x_wconf 72' lang='lat' dir='ltr'>arqumento,</span> <span class='ocrx_word' id='word_1_84' title='bbox 1405 1242 1451 1278; x_wconf 89' lang='lat' dir='ltr'>ut</span> <span class='ocrx_word' id='word_1_85' title='bbox 1481 1239 1510 1280; x_wconf 84' lang='lat'>1.</span> <span class='ocrx_word' id='word_1_86' title='bbox 1540 1237 1583 1278; x_wconf 90' lang='lat' dir='ltr'>in</span> <span class='ocrx_word' id='word_1_87' title='bbox 1617 1236 1683 1278; x_wconf 86' lang='lat' dir='ltr'>ed.</span> 
     </span>
     <span class='ocr_line' id='line_1_13' title="bbox 211 1315 1684 1371; baseline -0.001 -15"><span class='ocrx_word' id='word_1_88' title='bbox 211 1315 350 1371; x_wconf 90' lang='lat' dir='ltr'>priore</span> <span class='ocrx_word' id='word_1_89' title='bbox 380 1316 595 1369; x_wconf 87' lang='lat' dir='ltr'>retulerat,</span> <span class='ocrx_word' id='word_1_90' title='bbox 626 1330 711 1357; x_wconf 90' lang='lat' dir='ltr'>non</span> <span class='ocrx_word' id='word_1_91' title='bbox 743 1323 1013 1366; x_wconf 71' lang='lat' dir='ltr'>arfflmzentum</span> <span class='ocrx_word' id='word_1_92' title='bbox 1043 1317 1075 1355; x_wconf 86' lang='lat' dir='ltr'>B</span> <span class='ocrx_word' id='word_1_93' title='bbox 1108 1320 1235 1369; x_wconf 82' lang='lat' dir='ltr'>recte,</span> <span class='ocrx_word' id='word_1_94' title='bbox 1266 1329 1363 1357; x_wconf 88' lang='lat' dir='ltr'>nam</span> <span class='ocrx_word' id='word_1_95' title='bbox 1395 1316 1521 1356; x_wconf 86' lang='lat' dir='ltr'>etiam</span> <span class='ocrx_word' id='word_1_96' title='bbox 1550 1328 1684 1370; x_wconf 83' lang='lat' dir='ltr'>,argu-</span> 
     </span>
     <span class='ocr_line' id='line_1_14' title="bbox 210 1393 1322 1450; baseline 0.002 -16"><span class='ocrx_word' id='word_1_97' title='bbox 210 1399 352 1436; x_wconf 82' lang='lat' dir='ltr'>mento</span> <span class='ocrx_word' id='word_1_98' title='bbox 385 1395 496 1450; x_wconf 82' lang='lat' dir='ltr'>quia‘</span> <span class='ocrx_word' id='word_1_99' title='bbox 527 1394 721 1436; x_wconf 82' lang='lat' dir='ltr'>absolute</span> <span class='ocrx_word' id='word_1_100' title='bbox 751 1394 934 1435; x_wconf 87' lang='lat' dir='ltr'>Plinium</span> <span class='ocrx_word' id='word_1_101' title='bbox 966 1393 1107 1435; x_wconf 83' lang='lat' dir='ltr'>dicere</span> <span class='ocrx_word' id='word_1_102' title='bbox 1137 1394 1322 1436; x_wconf 88' lang='lat' dir='ltr'>memini.</span> 
     </span>
    </p>
   </div>
   <div class='ocr_carea' id='block_1_6' title="bbox 211 1505 1795 2202">
    <p class='ocr_par' dir='ltr' id='par_1_6' title="bbox 278 1505 1792 1733">
     <span class='ocr_line' id='line_1_15' title="bbox 751 1505 1792 1563; baseline -0.002 -9"><span class='ocrx_word' id='word_1_103' title='bbox 751 1509 841 1554; x_wconf 80' lang='lat'>145</span> <span class='ocrx_word' id='word_1_104' title='bbox 865 1527 907 1545; x_wconf 91' lang='lat'>=</span> <span class='ocrx_word' id='word_1_105' title='bbox 929 1505 1126 1554; x_wconf 85' lang='lat' dir='ltr'>ibidem.</span> <span class='ocrx_word' id='word_1_106' title='bbox 1713 1521 1792 1563; x_wconf 73' lang='lat'>861</span> 
     </span>
     <span class='ocr_line' id='line_1_16' title="bbox 278 1592 1684 1661; baseline -0.002 -18"><span class='ocrx_word' id='word_1_107' title='bbox 278 1594 492 1661; x_wconf 72' lang='lat' dir='ltr'>Arabica</span> <span class='ocrx_word' id='word_1_108' title='bbox 529 1593 664 1643; x_wconf 88' lang='lat' dir='ltr'>ebori</span> <span class='ocrx_word' id='word_1_109' title='bbox 701 1593 942 1643; x_wconf 88' lang='lat' dir='ltr'>simillima</span> <span class='ocrx_word' id='word_1_110' title='bbox 978 1600 1065 1653; x_wconf 85' lang='lat' dir='ltr'>est,</span> <span class='ocrx_word' id='word_1_111' title='bbox 1104 1599 1150 1643; x_wconf 90' lang='lat' dir='ltr'>et</span> <span class='ocrx_word' id='word_1_112' title='bbox 1176 1592 1273 1643; x_wconf 88' lang='lat' dir='ltr'>hoc</span> <span class='ocrx_word' id='word_1_113' title='bbox 1293 1592 1555 1652; x_wconf 84' lang='lat' dir='ltr'>videretur,</span> <span class='ocrx_word' id='word_1_114' title='bbox 1595 1592 1684 1640; x_wconf 86' lang='lat' dir='ltr'>nisi</span> 
     </span>
     <span class='ocr_line' id='line_1_17' title="bbox 278 1682 739 1733; baseline -0.004 0"><span class='ocrx_word' id='word_1_115' title='bbox 278 1684 515 1733; x_wconf 80' lang='lat' dir='ltr'>abnueret</span> <span class='ocrx_word' id='word_1_116' title='bbox 551 1682 739 1732; x_wconf 87' lang='lat' dir='ltr'>duritia.</span> 
     </span>
    </p>

    <p class='ocr_par' dir='ltr' id='par_1_7' title="bbox 211 1781 1686 1980">
     <span class='ocr_line' id='line_1_18' title="bbox 325 1781 1686 1837; baseline -0.002 -13"><span class='ocrx_word' id='word_1_117' title='bbox 325 1785 361 1824; x_wconf 88' lang='lat' dir='ltr'>E</span> <span class='ocrx_word' id='word_1_118' title='bbox 387 1783 518 1824; x_wconf 80' lang='lat' dir='ltr'>Solini</span> <span class='ocrx_word' id='word_1_119' title='bbox 538 1797 572 1824; x_wconf 90' lang='lat' dir='ltr'>c.</span> <span class='ocrx_word' id='word_1_120' title='bbox 595 1783 648 1826; x_wconf 83' lang='lat'>33</span> <span class='ocrx_word' id='word_1_121' title='bbox 679 1782 779 1837; x_wconf 91' lang='lat' dir='ltr'>quid</span> <span class='ocrx_word' id='word_1_122' title='bbox 808 1782 981 1824; x_wconf 89' lang='lat' dir='ltr'>tandem</span> <span class='ocrx_word' id='word_1_123' title='bbox 1013 1782 1167 1824; x_wconf 85' lang='lat' dir='ltr'>duritia</span> <span class='ocrx_word' id='word_1_124' title='bbox 1196 1781 1406 1823; x_wconf 84' lang='lat' dir='ltr'>Arabicae</span> <span class='ocrx_word' id='word_1_125' title='bbox 1436 1781 1595 1822; x_wconf 84' lang='lat' dir='ltr'>abnuat</span> <span class='ocrx_word' id='word_1_126' title='bbox 1625 1781 1686 1821; x_wconf 91' lang='lat' dir='ltr'>in-</span> 
     </span>
     <span class='ocr_line' id='line_1_19' title="bbox 212 1860 1684 1916; baseline -0.001 -15"><span class='ocrx_word' id='word_1_127' title='bbox 212 1860 466 1915; x_wconf 85' lang='lat' dir='ltr'>telligimus:</span> <span class='ocrx_word' id='word_1_128' title='bbox 498 1861 682 1916; x_wconf 89' lang='lat' dir='ltr'>indeque</span> <span class='ocrx_word' id='word_1_129' title='bbox 713 1860 1022 1902; x_wconf 86' lang='lat' dir='ltr'>restituendum</span> <span class='ocrx_word' id='word_1_130' title='bbox 1054 1866 1118 1902; x_wconf 84' lang='lat' dir='ltr'>est</span> <span class='ocrx_word' id='word_1_131' title='bbox 1147 1865 1224 1902; x_wconf 78' lang='lat' dir='ltr'>nisi</span> <span class='ocrx_word' id='word_1_132' title='bbox 1251 1864 1366 1901; x_wconf 75' lang='lat' dir='ltr'>radi</span> <span class='ocrx_word' id='word_1_133' title='bbox 1393 1864 1583 1901; x_wconf 75' lang='lat' dir='ltr'>abnueret</span> <span class='ocrx_word' id='word_1_134' title='bbox 1612 1864 1684 1900; x_wconf 76' lang='lat' dir='ltr'>du-</span> 
     </span>
     <span class='ocr_line' id='line_1_20' title="bbox 211 1944 317 1980; baseline 0 0"><span class='ocrx_word' id='word_1_135' title='bbox 211 1944 317 1980; x_wconf 80' lang='lat' dir='ltr'>ritia.</span> 
     </span>
    </p>

    <p class='ocr_par' dir='ltr' id='par_1_8' title="bbox 276 2050 1795 2202">
     <span class='ocr_line' id='line_1_21' title="bbox 767 2050 1795 2125; baseline -0.002 -26"><span class='ocrx_word' id='word_1_136' title='bbox 767 2053 858 2100; x_wconf 80' lang='lat'>146</span> <span class='ocrx_word' id='word_1_137' title='bbox 880 2075 922 2093; x_wconf 89' lang='lat'><strong><em>=</em></strong></span> <span class='ocrx_word' id='word_1_138' title='bbox 939 2050 1138 2099; x_wconf 88' lang='lat' dir='ltr'>ibidem.</span> <span class='ocrx_word' id='word_1_139' title='bbox 1713 2081 1795 2125; x_wconf 68' lang='lat'>362</span> 
     </span>
     <span class='ocr_line' id='line_1_22' title="bbox 276 2136 1686 2202; baseline -0.002 -13"><span class='ocrx_word' id='word_1_140' title='bbox 276 2144 323 2189; x_wconf 89' lang='lat' dir='ltr'>et</span> <span class='ocrx_word' id='word_1_141' title='bbox 342 2138 484 2188; x_wconf 87' lang='lat' dir='ltr'>aliam</span> <span class='ocrx_word' id='word_1_142' title='bbox 512 2139 688 2189; x_wconf 91' lang='lat' dir='ltr'>eodem</span> <span class='ocrx_word' id='word_1_143' title='bbox 712 2138 907 2189; x_wconf 90' lang='lat' dir='ltr'>nomine</span> <span class='ocrx_word' id='word_1_144' title='bbox 924 2139 989 2189; x_wconf 89' lang='lat' dir='ltr'>ibi</span> <span class='ocrx_word' id='word_1_145' title='bbox 1014 2169 1061 2173; x_wconf 80' lang='lat'>--</span> <span class='ocrx_word' id='word_1_146' title='bbox 1097 2138 1233 2187; x_wconf 85' lang='lat' dir='ltr'>nasci</span> <span class='ocrx_word' id='word_1_147' title='bbox 1261 2167 1321 2173; x_wconf 91' lang='lat'>-—</span> <span class='ocrx_word' id='word_1_148' title='bbox 1359 2143 1528 2188; x_wconf 84' lang='lat' dir='ltr'>contra</span> <span class='ocrx_word' id='word_1_149' title='bbox 1563 2136 1686 2202; x_wconf 83' lang='lat' dir='ltr'>lym-</span> 
     </span>
    </p>
   </div>
   <div class='ocr_carea' id='block_1_7' title="bbox 211 2227 1683 2369">
    <p class='ocr_par' dir='ltr' id='par_1_9' title="bbox 211 2227 1683 2369">
     <span class='ocr_line' id='line_1_23' title="bbox 272 2227 808 2294; baseline -0.002 -17"><span class='ocrx_word' id='word_1_150' title='bbox 272 2228 473 2294; x_wconf 90' lang='lat' dir='ltr'>phatum</span> <span class='ocrx_word' id='word_1_151' title='bbox 508 2227 808 2276; x_wconf 82' lang='lat' dir='ltr'>habentium.</span> 
     </span>
     <span class='ocr_line' id='line_1_24' title="bbox 211 2316 1683 2369; baseline -0.001 -11"><span class='ocrx_word' id='word_1_152' title='bbox 211 2316 384 2358; x_wconf 81' lang='lat' dir='ltr'>Scribe:</span> <span class='ocrx_word' id='word_1_153' title='bbox 417 2324 561 2358; x_wconf 73' lang='lat' dir='ltr'>contra</span> <span class='ocrx_word' id='word_1_154' title='bbox 592 2319 831 2369; x_wconf 71' lang='lat' dir='ltr'>lymphatum</span> <span class='ocrx_word' id='word_1_155' title='bbox 867 2327 943 2362; x_wconf 78' lang='lat' dir='ltr'>(an</span> <span class='ocrx_word' id='word_1_156' title='bbox 965 2316 1321 2369; x_wconf 65' lang='lat' dir='ltr'>lympfeaczonemP)</span> <span class='ocrx_word' id='word_1_157' title='bbox 1339 2319 1545 2357; x_wconf 74' lang='lat' dir='ltr'>habentem</span> <span class='ocrx_word' id='word_1_158' title='bbox 1576 2319 1683 2357; x_wconf 71' lang='lat' dir='ltr'>rim,</span> 
     </span>
    </p>
   </div>
   <div class='ocr_carea' id='block_1_8' title="bbox 208 2429 1790 2895">
    <p class='ocr_par' dir='ltr' id='par_1_10' title="bbox 275 2429 1790 2580">
     <span class='ocr_line' id='line_1_25' title="bbox 763 2429 1790 2496; baseline 0.002 -21"><span class='ocrx_word' id='word_1_159' title='bbox 763 2429 855 2476; x_wconf 80' lang='grc'>154</span> <span class='ocrx_word' id='word_1_160' title='bbox 876 2442 928 2462; x_wconf 80' lang='lat'>=</span> <span class='ocrx_word' id='word_1_161' title='bbox 952 2430 1110 2486; x_wconf 82' lang='grc' dir='ltr'><strong>1Ο,56.</strong></span> <span class='ocrx_word' id='word_1_162' title='bbox 1708 2454 1790 2496; x_wconf 68' lang='lat'>853</span> 
     </span>
     <span class='ocr_line' id='line_1_26' title="bbox 275 2513 1144 2580; baseline 0 -17"><span class='ocrx_word' id='word_1_163' title='bbox 275 2513 509 2564; x_wconf 88' lang='lat' dir='ltr'>Crocallis</span> <span class='ocrx_word' id='word_1_164' title='bbox 547 2530 769 2564; x_wconf 86' lang='lat' dir='ltr'>cerasum</span> <span class='ocrx_word' id='word_1_165' title='bbox 794 2520 1144 2580; x_wconf 80' lang='lat' dir='ltr'>repraesentat.</span> 
     </span>
    </p>

    <p class='ocr_par' dir='ltr' id='par_1_11' title="bbox 208 2602 1685 2895">
     <span class='ocr_line' id='line_1_27' title="bbox 319 2602 1684 2660; baseline 0 -17"><span class='ocrx_word' id='word_1_166' title='bbox 319 2602 440 2651; x_wconf 81' lang='lat' dir='ltr'>Quae</span> <span class='ocrx_word' id='word_1_167' title='bbox 484 2604 537 2645; x_wconf 89' lang='lat' dir='ltr'>sit</span> <span class='ocrx_word' id='word_1_168' title='bbox 576 2603 766 2645; x_wconf 87' lang='lat' dir='ltr'>crocallis</span> <span class='ocrx_word' id='word_1_169' title='bbox 824 2617 908 2644; x_wconf 91' lang='lat' dir='ltr'>non</span> <span class='ocrx_word' id='word_1_170' title='bbox 967 2604 1102 2658; x_wconf 85' lang='lat' dir='ltr'>magis</span> <span class='ocrx_word' id='word_1_171' title='bbox 1146 2604 1365 2658; x_wconf 84' lang='lat' dir='ltr'>ignoratur</span> <span class='ocrx_word' id='word_1_172' title='bbox 1404 2617 1531 2660; x_wconf 89' lang='lat' dir='ltr'>quam</span> <span class='ocrx_word' id='word_1_173' title='bbox 1585 2602 1684 2658; x_wconf 89' lang='lat' dir='ltr'>quid</span> 
     </span>
     <span class='ocr_line' id='line_1_28' title="bbox 209 2682 1685 2738; baseline -0.001 -17"><span class='ocrx_word' id='word_1_174' title='bbox 209 2688 514 2736; x_wconf 86' lang='lat' dir='ltr'>repraesentet.</span> <span class='ocrx_word' id='word_1_175' title='bbox 548 2683 697 2738; x_wconf 84' lang='lat' dir='ltr'>Itaque</span> <span class='ocrx_word' id='word_1_176' title='bbox 727 2696 811 2723; x_wconf 88' lang='lat' dir='ltr'>non</span> <span class='ocrx_word' id='word_1_177' title='bbox 844 2688 909 2723; x_wconf 81' lang='lat' dir='ltr'>est</span> <span class='ocrx_word' id='word_1_178' title='bbox 939 2696 1012 2723; x_wconf 89' lang='lat' dir='ltr'>cur</span> <span class='ocrx_word' id='word_1_179' title='bbox 1044 2682 1166 2723; x_wconf 87' lang='lat' dir='ltr'>codd.</span> <span class='ocrx_word' id='word_1_180' title='bbox 1187 2682 1222 2722; x_wconf 86' lang='lat' dir='ltr'>B</span> <span class='ocrx_word' id='word_1_181' title='bbox 1249 2682 1281 2723; x_wconf 82' lang='lat' dir='ltr'>O</span> <span class='ocrx_word' id='word_1_182' title='bbox 1313 2683 1537 2723; x_wconf 86' lang='lat' dir='ltr'>lectionem</span> <span class='ocrx_word' id='word_1_183' title='bbox 1568 2695 1685 2723; x_wconf 69' lang='lat' dir='ltr'>ceras</span> 
     </span>
     <span class='ocr_line' id='line_1_29' title="bbox 209 2760 1683 2816; baseline 0 -16"><span class='ocrx_word' id='word_1_184' title='bbox 209 2764 553 2815; x_wconf 81' lang='lat' dir='ltr'>contemnamus,</span> <span class='ocrx_word' id='word_1_185' title='bbox 601 2762 757 2816; x_wconf 77' lang='lat' dir='ltr'>quippe</span> <span class='ocrx_word' id='word_1_186' title='bbox 790 2774 900 2815; x_wconf 83' lang='lat' dir='ltr'>quae</span> <span class='ocrx_word' id='word_1_187' title='bbox 936 2761 1050 2801; x_wconf 88' lang='lat' dir='ltr'>idem</span> <span class='ocrx_word' id='word_1_188' title='bbox 1084 2761 1224 2801; x_wconf 87' lang='lat' dir='ltr'>dicere</span> <span class='ocrx_word' id='word_1_189' title='bbox 1265 2761 1459 2802; x_wconf 84' lang='lat' dir='ltr'>videatur</span> <span class='ocrx_word' id='word_1_190' title='bbox 1488 2761 1600 2816; x_wconf 89' lang='lat' dir='ltr'>quod</span> <span class='ocrx_word' id='word_1_191' title='bbox 1631 2760 1683 2800; x_wconf 91' lang='lat' dir='ltr'>de</span> 
     </span>
     <span class='ocr_line' id='line_1_30' title="bbox 208 2832 1517 2895; baseline 0.002 -17"><span class='ocrx_word' id='word_1_192' title='bbox 208 2839 382 2879; x_wconf 84' lang='lat' dir='ltr'>ceritide</span> <span class='ocrx_word' id='word_1_193' title='bbox 413 2840 545 2893; x_wconf 69' lang='lat'><strong>§.152</strong></span> <span class='ocrx_word' id='word_1_194' title='bbox 577 2839 875 2895; x_wconf 84' lang='lat' dir='ltr'>praedicatur:</span> <span class='ocrx_word' id='word_1_195' title='bbox 909 2840 1063 2892; x_wconf 83' lang='lat' dir='ltr'>,ceritis</span> <span class='ocrx_word' id='word_1_196' title='bbox 1095 2853 1218 2881; x_wconf 86' lang='lat' dir='ltr'>cerae</span> <span class='ocrx_word' id='word_1_197' title='bbox 1249 2832 1395 2880; x_wconf 85' lang='lat' dir='ltr'>similis</span> <span class='ocrx_word' id='word_1_198' title='bbox 1427 2841 1517 2880; x_wconf 80' lang='lat' dir='ltr'>est‘.</span> 
     </span>
    </p>
   </div>
  </div>
 </body>
</html>
