1914 3237
201 1473 282 1517 328

196 2269 277 2314 329

319 188 373 232 42
910 191 1029 231 Liber
1046 191 1188 231 XVII.

318 318 467 374 Itaque
505 322 603 360 ante
631 320 771 362 omnia
808 333 891 362 vox
921 330 1059 363 onerat
1095 335 1150 365 sc.
1190 321 1318 363 vitem
1348 321 1575 376 recipiatur
1612 325 1779 377 oportet

319 397 669 452 interpunctione,
700 403 746 439 ut
767 411 842 453 par
863 404 940 452 est,
970 403 1142 442 mutata.
1175 399 1282 440 Tum
1302 398 1345 439 id
1370 399 1635 454 praecipitur,
1667 399 1779 455 quod

319 475 438 516 alteri
468 475 620 516 rationi
650 476 974 531 praeferendum
1005 476 1218 529 videatur,
1261 482 1306 517 ut
1344 476 1554 532 quandam
1585 477 1778 518 draconis

318 552 630 594 similitudinem
662 553 846 616 efficiant
874 554 1110 608 traduces,
1140 567 1408 595 numerorum
1440 555 1550 596 enim
1597 555 1779 596 varietas

317 635 480 672 tantum
511 630 632 672 abest
661 636 707 672 ut
738 632 1089 700 improbeturbut
1114 633 1209 672 usui
1226 631 1420 673 Pliniano
1441 646 1565 687 quam
1596 615 1778 674 maxime

317 713 416 764 apta
446 722 539 749 esse
569 707 774 749 videatur.
834 708 957 756 Quod
989 708 1060 749 ubi
1100 708 1278 763 primam
1317 709 1431 750 vocis
1472 715 1671 751 transilem
1710 710 1776 752 lit-

317 792 447 829 teram
469 800 490 826 e
510 786 702 841 proxima
728 794 769 826 ut
792 786 902 827 male
926 786 1148 841 irrepsisse
1169 787 1442 839 concesseris,
1474 792 1624 842 sponte
1654 788 1778 842 prod-

315 864 410 905 ibit:
441 868 612 916 rasilem,
644 863 693 906 cf.
728 866 762 918 ξ.
794 863 886 907 206.
943 863 1034 904 Nisi
1070 864 1253 918 palmitis
1286 864 1521 906 crassitudo
1553 865 1778 907 draconem

315 943 404 996 ipsa
423 942 610 997 largitur,
643 946 732 982 arte
763 941 817 982 ad
835 941 924 982 eius
943 943 1127 997 speciem
1148 941 1474 984 conformandus
1505 947 1581 984 est.
1611 942 1780 998 Exigua

314 1020 441 1075 igitur
470 1020 542 1060 illa
571 1020 804 1061 mutatione
833 1018 950 1061 facta
979 1020 1105 1061 talem
1134 1021 1272 1061 locum
1303 1020 1556 1062 scribemus:

375 1101 592 1139 Traducem
629 1101 770 1139 bimum
806 1101 1045 1149 praecidere
1087 1101 1269 1140 solebant
1311 1105 1472 1149 (onerat
1515 1104 1615 1141 enim
1653 1107 1776 1141 vetus-

368 1182 487 1222 tam:
518 1179 654 1217 melius
685 1179 840 1216 donare
869 1184 1016 1228 {empus
1047 1184 1090 1217 ut
1117 1181 1277 1218 rasilem
1303 1180 1476 1230 faciant,
1508 1181 1548 1218 ni
1576 1177 1647 1218 rel.

423 1253 570 1295 Obiter
599 1266 772 1307 moneo,
803 1255 928 1309 paulo
962 1259 1059 1296 ante
1090 1264 1258 1305 utraque
1282 1269 1380 1307 pars
1409 1255 1637 1310 legendum
1668 1268 1776 1308 esse,

312 1331 423 1386 prior
441 1332 551 1372 enim
570 1345 654 1373 vox
670 1332 807 1374 vicina
823 1336 1015 1383 utrimque
1034 1332 1235 1388 absorpta
1253 1337 1338 1386 est3
1357 1333 1407 1374 cf.
1428 1332 1661 1374 Columella
1678 1333 1727 1375 V.
1739 1333 1776 1377 7.

869 1437 963 1484 213
983 1458 1041 1478 =
1059 1438 1215 1494 2335.

376 1519 586 1570 Medium
621 1527 1056 1587 temperamentum
1093 1523 1139 1571 in
1173 1523 1469 1573 Carseolano
1507 1527 1777 1587 sequuntur

377 1610 692 1675 cariosasque
749 1614 934 1659 tantum
999 1610 1109 1660 vitis
1164 1615 1327 1676 partes
1384 1610 1773 1676 incipientesque

373 1697 650 1748 inarescere
688 1699 987 1764 deputando.

416 1786 604 1827 Primum
635 1799 656 1827 e
680 1786 894 1828 codicibus
915 1787 1161 1829 restituatur
1179 1790 1408 1840 Carsulano,
1439 1785 1552 1842 quod
1568 1785 1771 1827 Umbriae

309 1863 509 1919 oppidum
539 1865 611 1907 III.
644 1865 722 1908 113
761 1870 1113 1907 commemoratur
1129 1866 1199 1919 ²⁸),
1245 1864 1397 1906 deinde
1437 1864 1578 1906 deleta
1607 1865 1771 1920 copula,

308 1955 415 1996 quae
447 1955 469 1983 e
500 1943 634 1984 vicino
666 1943 884 1998 participio
915 1947 1224 1995 incipientesque
1251 1943 1332 1984 huc
1355 1942 1535 1998 irrepsit,
1566 1942 1773 1984 scribatur

307 2024 502 2061 cariosas.
546 2021 689 2062 Simile
717 2021 916 2062 mendum
945 2026 1213 2072 serendasque
1242 2021 1284 2061 in
1315 2021 1351 2075 ξ.
1373 2021 1453 2064 215
1484 2019 1642 2062 dudum
1670 2019 1770 2060 sub-

307 2097 438 2139 latum
470 2102 546 2141 est.

863 2235 958 2282 214
980 2234 1209 2290 =23,35.

370 2330 587 2380 Arbusta
639 2332 761 2380 arari
811 2347 954 2396 quam
1009 2332 1242 2382 altissime
1302 2330 1583 2381 desiderant
1642 2333 1773 2379 tanta

372 2417 462 2467 etsi
498 2419 724 2468 frumenti
760 2420 880 2471 ratio
918 2435 1015 2471 non
1053 2420 1220 2485 exigit.

415 2505 605 2561 Expulsa
628 2507 913 2563 dittographia
939 2509 1282 2564 (desiderantum)
1317 2507 1413 2562 lego
1435 2508 1664 2546 desiderant
1686 2506 1768 2543 etsi.

306 2583 526 2625 Pintianus
557 2590 733 2638 tametsi,
785 2585 870 2627 Sill.
903 2595 1030 2627 tamen
1062 2590 1133 2627 etsi
1167 2585 1446 2627 coniecerant.
1505 2581 1666 2623 Ibidem
1695 2594 1768 2622 vo-

382 2765 418 2804 *)
448 2762 566 2797 Antea
606 2774 670 2808 pro
699 2763 803 2797 ina-m
838 2765 958 2797 urbem
1000 2764 1207 2796 Varract'm's
1247 2760 1477 2796 scribendum
1513 2759 1654 2793 videtur
1688 2768 1770 2793 esse

445 2836 547 2867 ἰηωτα
573 2834 692 2867 urbem
712 2836 749 2866 e'n
763 2836 930 2867 Aricinis.
