1914 3237
282 165 337 208 40
865 166 981 206 Liber
1011 168 1055 207 X
1062 168 1149 207 VJJ.

282 297 467 350 linguam
516 296 723 336 convertit
764 294 820 338 ΙΙ.
851 310 890 351 p.
921 295 958 336 V
1004 296 1227 348 conicitur,
1277 299 1520 346 intelleyetur
1559 296 1610 337 ab
1640 296 1742 338 Iano

283 373 527 425 restituitur,
563 373 599 427 §-
622 373 700 416 ‘168
717 375 825 415 male
844 373 954 415 idem
978 378 1067 414 alae
1082 374 1264 428 scripsit,
1294 373 1404 429 quod
1427 373 1591 414 sanein
1621 373 1742 416 codd.

281 451 315 491 T
337 450 362 491 d
390 455 549 503 exstat,
583 450 657 491 sed
688 451 778 492 loco
811 451 983 493 Catonis
1014 465 1105 506 cap.
1136 452 1188 494 43
1218 451 1443 505 refellitur-3
1474 464 1612 506 neque
1641 450 1743 492 illud

280 528 459 583 probare
489 542 682 583 possum,
735 528 846 583 quod
878 530 912 582 ξ.
946 528 1025 572 170
1062 529 1243 569 lectione
1289 529 1449 584 egregii
1498 527 1653 569 codicis
1683 527 1744 568 D²

281 611 424 660 spreta
453 619 535 646 non
569 610 765 658 (ransc-is,
796 611 842 647 ut
872 606 971 658 Sill.,
1004 605 1079 646 sed
1110 610 1200 646 talis
1231 605 1374 646 edidit.
1419 605 1575 646 Verum
1607 619 1744 660 paene

280 683 433 724 oblitus
465 697 578 724 cram
609 696 676 723 mc
705 697 788 723 non
819 683 1044 734 librorum,
1077 683 1146 737 qui
1176 682 1314 723 adhuc
1344 683 1612 737 prodierunt,
1645 696 1742 724 cen-

281 775 418 802 suram
452 774 579 815 agere
611 760 685 801 sed
717 774 788 801 eos
807 764 970 801 tantum
1001 760 1116 801 locos
1137 760 1382 802 tractandos
1414 760 1610 815 elegisse,
1641 774 1743 815 quo-

279 852 369 879 rum
404 852 543 879 veram
582 839 807 879 lectionem
852 838 1030 893 primam
1060 838 1270 892 reperisse
1311 838 1412 879 mihi
1443 838 1602 880 videar.
1660 839 1744 879 Ita-

280 929 360 971 que
391 915 444 956 ad
474 915 517 957 id
548 915 660 971 quod
690 915 790 956 mihi
820 929 1124 971 proposueram
1155 915 1295 958 redeo.

171 1029 253 1070 324
838 1009 928 1056 176
947 1029 1006 1048 =
1026 1010 1185 1065 2235.
1371 1074 1375 1079 .

342 1091 393 1140 ld
429 1095 685 1156 utrumque
706 1093 909 1142 fructum
939 1094 1143 1154 tardum,
1178 1099 1429 1159 praeterea
1455 1094 1743 1144 retorridum

343 1183 390 1228 et
425 1180 668 1229 nodosum
706 1181 866 1230 reddit
901 1181 1216 1246 pumilionum
1262 1183 1577 1231 incremento,

387 1266 544 1307 Vitium
577 1267 617 1307 in
654 1267 732 1308 hac
762 1268 943 1309 lectione
988 1269 1126 1310 inesse
1156 1274 1370 1326 putarem,
1420 1269 1584 1310 etiamsi
1629 1269 1742 1311 codi-

278 1359 371 1386 cum
409 1346 507 1386 Mss.
556 1346 807 1386 auctoritate
847 1346 1184 1402 confirmaretur3
1235 1361 1372 1402 neque
1420 1347 1530 1388 enim
1581 1345 1742 1388 fructus

277 1423 506 1464 retorridus
533 1428 574 1464 ct
604 1423 789 1464 nodosus
815 1429 892 1477 est,
925 1424 999 1465 sed
1021 1425 1158 1479 arbor,
1189 1430 1230 1466 et
1253 1425 1503 1480 pronomina
1520 1425 1744 1466 coniuncta

278 1500 512 1555 displicent.
542 1500 632 1541 Iam
663 1514 761 1541 vero
782 1501 907 1557 longe
925 1502 1007 1543 alia
1031 1487 1197 1544 codices
1219 1503 1436 1558 praebent,
1468 1502 1536 1558 qui
1568 1502 1741 1544 verbum

276 1582 409 1619 reddi!
438 1578 635 1619 omittunt
666 1582 707 1619 et
738 1584 930 1630 utrimque
959 1581 1159 1633 scribunt,
1191 1581 1423 1621 rectissime
1459 1579 1572 1620 haud
1604 1579 1741 1622 dubie.

279 1659 330 1697 Id
367 1671 421 1698 sc.
468 1656 574 1697 ratio
614 1670 757 1697 eorum
789 1659 858 1713 qui
906 1663 978 1698 aut
1008 1659 1199 1713 proximo
1239 1672 1348 1699 anno
1394 1659 1521 1699 vitem
1568 1662 1743 1714 tangere

278 1739 423 1775 vetant
456 1740 527 1775 aut
556 1739 703 1789 quarto
736 1735 905 1776 demum
937 1736 990 1777 ad
1020 1737 1164 1791 iugum
1196 1736 1453 1792 perducunt,
1495 1740 1688 1788 utrimque
1718 1736 1742 1778 i.

279 1825 313 1854 e.
345 1825 438 1852 cum
471 1812 521 1853 ab
552 1811 615 1852 his
646 1813 712 1853 vel
743 1813 821 1854 illis
852 1814 898 1854 fit
942 1813 1015 1854 uad
1047 1827 1170 1854 usum
1202 1814 1389 1855 adverbii
1419 1814 1469 1855 cf.
1500 1814 1618 1856 VIII.
1650 1814 1742 1867 187,

276 1893 423 1941 ,fructu
483 1892 651 1930 tardum‘
713 1895 782 1940 [ut
840 1892 876 1945 ξ.
922 1891 974 1934 59
1031 1891 1196 1932 tardum
1255 1896 1485 1946 proventu)
1547 1905 1605 1933 sc.
1664 1897 1742 1944 est,

275 1976 486 2019 praeterea
510 1972 768 2019 pumilionum
798 1973 1037 2010 incremento
1068 1969 1092 2010 i.
1113 1983 1149 2010 e.
1170 1983 1265 2010 cum
1297 1970 1458 2010 arboris
1490 1970 1742 2025 pumiliones

279 2050 528 2087 accrescunt
568 2050 809 2086 retorridum
840 2055 877 2091 et
915 2050 1107 2087 nodosum
1140 2060 1196 2088 sc.
1229 2051 1305 2087 est.
1363 2046 1569 2088 Neutrum
1601 2052 1742 2088 autem

280 2123 477 2164 adiectivi
509 2123 701 2164 absolute
731 2124 921 2179 ponitur,
964 2129 1010 2165 ut
1039 2125 1180 2165 statim
1222 2138 1315 2177 ,nec
1344 2128 1478 2165 tutum
1520 2130 1583 2166 est
1632 2125 1743 2181 quod

280 2201 622 2242 cicatricosam&
658 2202 819 2243 Eodem
849 2202 973 2243 modo
1013 2203 1048 2256 ξ.
1082 2202 1162 2245 178
1197 2202 1420 2243 lectionem
1454 2202 1609 2244 codicis
1650 2216 1674 2242 a
1703 2206 1742 2242 in

279 2293 327 2318 ea
358 2286 414 2319 esc
443 2287 593 2319 mtlura
622 2292 705 2319 non
737 2292 831 2319 esse
862 2279 1144 2335 spernendam
1168 2280 1377 2333 existimo,
1408 2294 1535 2336 quum
1564 2294 1742 2336 praepo-

280 2356 475 2396 sitionem
523 2360 563 2396 in
609 2371 702 2397 cum
750 2356 931 2399 ablativo
980 2358 1226 2413 saepissime
1271 2371 1295 2398 a
1333 2358 1469 2399 Plinio
1513 2358 1570 2399 ibi
1617 2358 1744 2399 etiam

280 2433 477 2488 coniungi
508 2435 792 2488 meminerim,
834 2436 905 2476 ubi
939 2449 963 2475 a
1006 2435 1167 2491 vulgari
1208 2435 1295 2476 fere
1336 2435 1640 2477 consuetudine
1671 2435 1743 2476 ab·

279 2511 462 2564 horreat,
495 2512 546 2553 dc
572 2527 654 2568 quo
686 2527 841 2568 genere
873 2514 958 2569 egit
990 2513 1253 2569 Grasberger
1283 2528 1321 2567 p.
1352 2513 1404 2557 59
1435 2527 1524 2569 sqq.

170 2620 250 2663 325
846 2606 935 2653 187
953 2607 1181 2662 :2235

347 2690 536 2740 Genera
574 2691 783 2755 separari
823 2707 880 2740 ac
917 2691 1123 2756 singulis
1157 2691 1346 2740 conseri
1385 2690 1617 2740 tractibus
1656 2691 1744 2739 uti-

347 2779 592 2828 lissimum.
