1914 3237
293 128 372 170 1⁵28
884 127 1015 170 Liber
1047 129 1160 171 VII.

187 259 266 299 159
839 252 935 300 116
957 277 1001 296 =
1028 253 1106 314 30,
1132 254 1210 301 31.

355 367 450 413 quo
481 348 643 414 potius
676 367 817 414 quam
854 353 1131 402 universi
1173 354 1382 419 populi
1429 354 1557 402 illius
1601 354 1756 418 gentis

357 440 652 504 amplissimo
689 441 1006 492 testimonio?

398 553 562 595 Nescio
592 556 811 610 quomodo
849 556 1072 611 „populus
1102 557 1277 610 3011118ἐς
1307 563 1408 610 apte
1441 557 1524 597 dici
1557 557 1758 610 potuerit.

289 630 406 671 Illam
437 638 612 686 gentem
644 632 889 673 Romanam
921 633 1116 688 appellat
1142 634 1320 684 Plinius,
1350 649 1464 689 quae
1496 634 1644 688 plures
1673 635 1759 675 exi-

287 709 397 749 mios
428 709 574 749 tulerit
604 724 733 769 queam
764 716 932 750 ceterae
964 716 1123 760 terrae,
1154 718 1285 765 atque
1317 711 1403 751 11110
1435 713 1656 764 pertinere
1688 726 1757 752 ar-

286 789 424 829 bitror
454 790 594 830 verba
623 790 818 829 universi
841 789 999 844 populi,
1030 797 1076 830 ut
1107 790 1271 830 dixisse
1302 790 1504 830 videatur
1534 805 1664 850 quam
1694 804 1758 829 ce-

288 872 405 906 terae
439 872 581 906 terrae
609 867 804 906 universi
828 865 983 922 populi.
1020 866 1084 907 Ita
1114 867 1381 917 „universae
1409 872 1597 920 gentes“
1621 868 1758 908 1101111-

287 953 447 986 nantur
472 945 612 987 XXV.
637 945 706 986 82.

842 1058 936 1105 121
960 1081 1005 1098 Ξ
1030 1057 1108 1119 36,
1132 1058 1209 1105 36.

184 1169 263 1210 160
357 1158 449 1226 [G.
488 1157 780 1226 Quintio]
818 1158 887 1207 Μ’
918 1160 1077 1208 Acilio
1115 1176 1241 1208 coss.

396 1270 603 1324 templum
627 1271 807 1311 Pietatis
830 1277 1100 1312 exstructum
1129 1284 1231 1312 esse
1262 1269 1531 1324 perhibetur.
1563 1269 1623 1310 At
1647 1283 1755 1311 vero

285 1350 334 1392 L.
350 1350 551 1398 Quintius
572 1350 839 1391 Flamininus
872 1350 994 1402 (nam
1026 1348 1160 1390 Caius
1191 1349 1305 1390 salso
1338 1348 1607 1404 appellatur)
1640 1363 1755 1390 anno

285 1430 463 1479 DLX11,
489 1430 548 1470 Μ’
569 1429 738 1470 Acilius
766 1442 803 1470 a.
828 1429 1009 1470 DLXlll
1040 1429 1270 1470 consulatu
1302 1427 1479 1469 functus
1511 1436 1589 1469 est.
1637 1428 1757 1468 Idem

284 1508 413 1561 igitur
444 1509 498 1548 de
528 1507 614 1548 hoc
643 1507 743 1549 loco
773 1507 926 1548 valere
950 1507 1155 1556 arbitror,
1182 1507 1297 1561 quod
1318 1507 1499 1560 saepius
1530 1506 1755 1547 accidisse

284 1599 422 1639 supra
443 1600 483 1639 p.
501 1585 566 1625 ⁶27.
597 1586 758 1638 monui,
784 1592 830 1625 ut
859 1598 989 1639 quum
1021 1585 1212 1638 scriptor
1241 1599 1372 1625 unum
1405 1592 1569 1625 tantuin
1597 1597 1755 1625 consu-

283 1665 368 1706 lein
400 1664 685 1717 nominasset,
719 1663 832 1704 alter
862 1670 982 1704 recte
1013 1662 1084 1703 vel
1116 1661 1227 1703 male
1256 1663 1310 1703 ab
1333 1661 1647 1715 interpolatore
1680 1662 1754 1702 ad·

284 1744 567 1785 scriberetur.
637 1742 843 1783 Ceterum
878 1741 1251 1795 impeditissimam
1286 1753 1388 1781 esse
1429 1740 1483 1781 de
1522 1740 1608 1780 hac
1643 1741 1756 1782 aede

285 1824 589 1877 quaestionem
623 1819 853 1860 Beckerus
892 1819 932 1858 in
967 1818 1112 1860 libello
1155 1826 1311 1860 contra
1342 1832 1408 1859 1110
1441 1819 1605 1873 scripto
1639 1819 1756 1872 (Zur

283 1899 557 1941 Romisehen
588 1896 900 1952 Topographie
929 1911 973 1950 p.
996 1896 1078 1950 24)
1111 1897 1328 1949 ostendit,
1373 1896 1428 1937 ad
1459 1910 1588 1952 quain
1619 1910 1754 1951 spero

284 1978 380 2021 fore
412 1986 459 2019 ut
489 1977 723 2032 aliquando
757 1982 968 2016 revertar.

181 2113 254 2154 161
737 2097 832 2145 143
855 2104 904 2145 et
925 2096 1022 2144 144
1040 2122 1093 2141 =
1109 2096 1191 2157 44,
1211 2096 1292 2144 45.

350 2213 381 2276 (
381 2213 442 2277 Q
459 2211 734 2275 Metellus)
766 2210 813 2257 in
836 2209 944 2273 ipso
974 2215 1135 2255 tamen
1164 2209 1288 2255 flore
1318 2206 1606 2271 dignationis
1634 2223 1752 2255 suae

350 2304 408 2350 ab
431 2303 486 2349 C.
504 2301 669 2350 Atinio
690 2301 924 2349 Labeone
956 2299 1034 2347 cui
1065 2315 1332 2363 cognomen
1360 2298 1451 2345 fuit
1479 2298 1751 2346 Macerioni

349 2393 542 2441 tribuno
564 2392 735 2456 plebis,
766 2409 908 2455 quem
944 2408 970 2438 0
993 2398 1165 2438 senatu
1201 2406 1376 2437 censor
1413 2388 1643 2448 eiecerat,
1675 2406 1748 2436 re-

346 2493 542 2532 vertens
581 2500 607 2530 0
654 2498 822 2545 campo
873 2480 1139 2528 meridiano
1187 2487 1408 2543 tempore
1445 2494 1597 2526 vacuo
1642 2479 1750 2525 foro

347 2581 396 2621 ct
428 2571 666 2636 Capitolio
705 2571 765 2618 ad
804 2570 1074 2634 Tarpeium
1106 2576 1275 2634 raptus
1314 2576 1367 2616 ut
1403 2567 1749 2632 praecipitare-

346 2670 442 2722 tur,
475 2663 758 2711 convolante
791 2660 983 2725 quidem
1015 2666 1109 2707 tam
1149 2673 1408 2706 numerosa
1436 2657 1514 2703 illa
1546 2657 1748 2705 cohorte

346 2770 468 2818 quae
500 2759 689 2818 patrem
718 2769 828 2800 eum
857 2752 1143 2816 appellabat,
1177 2748 1281 2809 sed,
1318 2755 1371 2795 ut
1401 2763 1607 2795 necesse
1645 2755 1750 2796 erat
