1914 3237
266 137 348 180 238
831 138 950 179 Liber
977 138 1180 177 XXXVI.

261 281 365 309 voce
397 267 725 320 ,emblematum‘
755 267 822 308 vel
852 268 992 323 potius
1023 268 1317 321 ‚tessellarum‘
1347 266 1570 323 explenda.
1600 266 1727 308 Haud

263 346 389 388 dubie
419 350 560 387 autem
592 345 749 401 aliquid
781 345 937 387 excidit

153 471 235 515 808
826 459 917 506 186
937 477 995 497 =
1013 459 1170 514 25‚62.

329 543 580 593 Subdialia
617 543 790 593 Graeci
825 546 1086 602 invenere,
1139 542 1317 593 talibus
1353 542 1527 593 domos
1563 547 1731 592 conte-

327 638 518 697 genteS,
557 631 699 682 facile
736 637 891 680 tractu
927 636 1146 696 tepente,
1184 632 1273 681 sed
1311 629 1456 681 fallax
1492 631 1577 680 rel.

373 720 596 762 Adiectiva
644 720 755 761 enim
798 720 988 761 neutrius
1033 720 1201 775 generis
1249 733 1330 775 quo
1362 718 1598 760 referantur
1647 732 1731 759 non

262 799 432 842 habent.
464 799 780 840 Tei-minatione
799 797 979 853 proximi
1007 797 1123 838 verbi
1149 800 1455 853 ‚contegentes‘
1485 797 1730 852 absorptum

264 877 423 919 interiit
452 876 704 918 vocabulum
734 889 825 927 qen
838 890 901 917 us.
954 875 1061 917 Item
1093 888 1267 917 mancus
1299 880 1365 917 est
1394 876 1511 918 locus

153 999 234 1044 809
827 990 917 1036 197
941 1001 996 1022 =
1014 990 1172 1045 26,67.

331 1075 534 1125 Remisit
569 1080 617 1125 et
653 1074 874 1124 Tiberius
910 1074 1090 1124 Caesar
1138 1072 1543 1139 Heliopolitarum
1581 1075 1733 1124 caeri-

331 1164 505 1215 moniis
542 1168 783 1229 repertam
820 1162 866 1211 in
904 1163 1175 1214 hereditate
1210 1163 1314 1213 eius
1347 1163 1428 1228 qui
1458 1162 1733 1228 praefuerat

332 1255 568 1319 Aegypto
608 1252 860 1303 obsianam
894 1252 1155 1317 imaginem
1196 1250 1419 1301 Menelai.

378 1356 507 1398 Cuius
538 1355 740 1397 tandem?
770 1356 923 1397 Fuitne
940 1358 1157 1396 hereditate
1188 1359 1346 1407 Vestini,
1377 1368 1485 1410 quae
1502 1367 1606 1409 gens
1625 1354 1735 1396 inter

266 1436 449 1477 illustres
490 1435 747 1490 equestrium
781 1438 1134 1476 commemoratur
1175 1447 1200 1475 a
1230 1433 1378 1475 Tacito
1409 1432 1519 1474 Hist.
1550 1432 1622 1475 IV.
1653 1432 1734 1475 53?

267 1514 415 1555 Obiter
445 1526 597 1555 moneo
628 1513 665 1568 ἕ.
696 1513 774 1556 196
804 1513 846 1553 in
877 1512 913 1553 B
945 1525 1029 1554 non
1060 1516 1321 1555 crassitudine
1352 1511 1427 1554 sed
1458 1516 1736 1563 crassitudinis

267 1593 406 1635 scribi.

159 1717 241 1759 810
451 1706 541 1752 199
567 1702 836 1752 :ibidem
880 1701 970 1762 (de
1010 1702 1214 1752 obsiano
1252 1701 1332 1752 vel
1369 1703 1541 1762 vitro).

334 1791 624 1857 Fragmenta
657 1794 879 1855 teporata
914 1790 1281 1855 adglutinantur
1318 1788 1526 1851 [tamen]‚
1573 1804 1737 1838 rursus

336 1885 435 1930 tota
470 1879 605 1928 fundi
643 1894 738 1929 non
791 1884 975 1943 queunt
1012 1883 1349 1943 praeterquam
1388 1880 1592 1944 abrupta
1628 1878 1739 1927 sibi-

335 1974 434 2018 met
469 1969 515 2017 in
553 1971 732 2032 guttaS‚
771 1967 921 2016 veluti
960 1982 1068 2016 cum
1105 1966 1279 2017 calculi
1316 1968 1436 2017 fiunt
1472 1983 1596 2032 quos
1635 1966 1740 2030 qui-

339 2058 449 2106 dam
484 2054 719 2106 abaculos
755 2055 1019 2121 appellant,
1052 2054 1244 2120 aliquos
1271 2061 1317 2106 et
1337 2055 1556 2121 pluribus
1578 2054 1739 2103 modis

340 2144 682 2195 versicolores,

380 2233 529 2289 Neque
560 2239 689 2273 tamen
719 2231 832 2288 quod
861 2245 884 2273 e
910 2233 963 2272 132
996 2231 1083 2274 Sill.
1114 2232 1273 2287 recepit
1303 2245 1440 2287 neque
1470 2230 1582 2287 quod
1612 2229 1738 2284 vulgo

274 2313 426 2367 legitur
457 2319 606 2352 tmzlum
637 2310 857 2352 commode
889 2310 1090 2366 explicari
1120 2311 1288 2365 poterit,
1324 2310 1423 2351 mihi
1453 2309 1738 2365 proximarum

275 2391 530 2446 syllabarum
568 2397 715 2430 mentm·
760 2404 901 2429 rursus
945 2388 1233 2444 dittographia
1278 2401 1372 2429 esse
1417 2388 1608 2441 videtur⁷
1658 2401 1741 2443 qua

275 2468 514 2522 suspicione
546 2468 586 2508 M
619 2467 730 2522 apud
765 2467 1084 2522 Dalecampium
1121 2467 1300 2508 lectione
1331 2471 1572 2518 ctyqlulimm.
1603 2480 1743 2507 rursus

277 2547 511 2587 confirmor.
570 2545 692 2593 Quod
723 2558 822 2587 vero
855 2545 1041 2600 sequitur
1072 2548 1264 2586 abaculos
1300 2545 1526 2586 manifesto
1557 2545 1740 2598 interpo-

277 2625 406 2665 latum
427 2638 448 2664 e
467 2624 587 2666 codd.
608 2624 642 2664 B
665 2623 690 2664 d
717 2627 868 2678 (atque
890 2623 931 2664 hi
955 2624 1031 2664 soli
1061 2624 1143 2664 iam
1176 2628 1336 2669 restant
1366 2629 1439 2664 aut
1471 2635 1634 2664 summa
1664 2626 1737 2662 aut

279 2702 420 2757 aliqua
450 2708 563 2742 certe
595 2702 675 2743 fide
708 2702 847 2757 digni)
881 2701 1174 2756 corrigendum
1207 2707 1282 2742 est.
1314 2701 1394 2749 Qui
1415 2715 1541 2756 quum
1566 2704 1616 2741 ab
1648 2714 1741 2741 ocn-

278 2785 325 2822 lis
344 2781 544 2835 scriptum
567 2781 809 2833 exhibeant,
828 2785 953 2835 atque
970 2781 1273 2833 ,versicolores‘
1292 2779 1475 2821 calculos
1499 2779 1592 2819 illos
1612 2779 1742 2819 fuisse
