1914 3237
330 147 409 188 148
920 143 1051 184 Liber
1083 144 1226 185 VIII.

326 269 595 310 obtinuere“
628 266 721 320 (ita
751 267 865 307 enim
895 280 993 307 cum
1024 265 1243 308 Salmasio
1275 265 1414 320 p.895
1431 279 1524 322 sqq.
1557 266 1791 321 legendum

325 346 419 397 est)
455 344 513 385 ita
544 345 698 398 paucis
728 345 990 387 intermissis
1021 346 1167 401 pergit
1199 345 1388 387 Plinius:

390 447 552 495 Maius
586 447 839 512 augurium
871 448 999 512 apud
1033 447 1221 512 priscos
1255 446 1458 512 plebeiis
1491 445 1791 493 circensibus

391 553 657 585 excusso
689 536 903 601 auriga
938 537 1003 584 ita
1038 544 1092 584 ut
1121 544 1273 584 staret
1302 537 1349 584 in
1383 536 1673 600 Capitolium
1712 553 1792 584 cu-

392 627 607 676 currisse
645 643 797 690 equos
829 626 1098 690 aedemque
1135 633 1211 673 ter
1241 627 1474 674 lustrasse
1508 656 1575 661 —

435 728 667 776 Quomodo
698 727 813 767 haec
844 727 980 767 verba
1012 726 1275 767 intellexerit
1295 726 1504 779 Silligius‚
1535 739 1589 766 ne
1612 724 1793 766 divinari

321 807 493 862 quidem
538 806 662 846 licet:
710 805 864 858 auriga
896 805 1009 844 enim
1040 805 1098 844 ita
1130 803 1331 858 profecto
1364 817 1496 844 curru
1528 805 1672 844 excuti
1704 816 1791 843 non

322 884 486 938 potuit,
520 891 564 923 ut
595 889 736 924 staret
766 883 807 922 in
843 895 989 922 curru.
1060 880 1202 921 Recte
1228 880 1358 935 vulgo
1391 880 1597 921 scribitur
1627 886 1676 920 ut
1703 881 1742 920 si
1770 894 1794 922 e

321 963 450 1005 codd.
471 969 650 1017 praeter
670 961 760 1002 R2d
783 961 999 1009 omnibus,
1028 960 1142 1014 quod
1169 960 1282 1001 idem
1304 958 1523 1014 signifieat
1544 959 1660 1014 quod
1684 957 1794 999 alias

319 1053 413 1095 „ac
443 1041 519 1081 si*
551 1048 592 1081 et
619 1039 815 1082 similiter
846 1038 885 1093 ξ.
910 1037 975 1080 75.
1007 1045 1256 1092 usurpatur.
1325 1038 1528 1092 Apparet
1556 1051 1663 1078 vero
1694 1051 1794 1078 cum

321 1134 374 1162 ea
405 1121 446 1161 vi
478 1120 602 1161 vocis
634 1119 751 1174 quod
782 1118 1012 1172 praecedit
1041 1118 1102 1157 ita
1131 1131 1216 1157 non
1251 1117 1364 1157 bene
1398 1116 1638 1157 conciliari.
1677 1116 1793 1162 Qua·

319 1205 501 1253 propter
530 1211 552 1239 e
587 1195 881 1251 dittographia
912 1196 1100 1250 repetita
1132 1196 1257 1236 verbi
1297 1195 1449 1251 auri-qa
1489 1195 1792 1236 terminatione
1846 1216 1849 1219 ·

320 1285 462 1318 ortum
492 1289 594 1317 esse
622 1276 809 1325 videtur,
842 1273 1235 1328 scribendumque:

489 1378 538 1383 m-
572 1367 753 1394 excusso
786 1354 955 1409 auriga,
988 1358 1047 1392 ut
1075 1352 1125 1392 si
1154 1357 1303 1402 staret,
1334 1351 1380 1390 in
1413 1348 1517 1406 Cap.
1549 1348 1627 1390 rel.

215 1483 296 1526 18ss
872 1463 967 1511 169
991 1488 1036 1507 =
1060 1464 1141 1524 43,
1164 1464 1242 1511 68.

386 1565 491 1614 Nec
540 1563 631 1612 nisi
672 1563 887 1628 spatiosa
933 1564 1193 1611 incubitat
1237 1563 1440 1622 laxitas3
1491 1562 1622 1610 varia
1664 1578 1792 1609 nam-

387 1672 481 1719 que
529 1669 698 1701 somno
746 1652 849 1702 visa
896 1652 1175 1717 concipiunt
1226 1652 1427 1716 (asini)
1474 1652 1571 1700 ictu
1617 1652 1793 1716 pedem

389 1745 563 1792 crebro
602 1748 684 1790 reL

432 1834 583 1875 Talem
622 1834 768 1874 locum
804 1846 827 1873 e
866 1832 1023 1873 codice
1060 1833 1084 1872 d
1127 1832 1350 1873 coustituit
1387 1830 1594 1885 Silligius.
1664 1830 1718 1870 Et
1751 1829 1794 1870 id

323 1913 495 1968 quidem
526 1912 772 1952 rectissime
806 1909 907 1950 fecit
937 1910 1051 1964 quod
1082 1924 1167 1950 non
1199 1917 1361 1950 tantum
1393 1907 1576 1949 Barbari
1604 1908 1793 1962 interpo-

320 1992 526 2033 lationem
541 1989 709 2043 sprevit
725 1988 907 2043 spatiose
923 1986 1145 2036 incubant,
1163 1986 1271 2026 alias
1290 1993 1554 2040 atteruntur,
1567 1987 1647 2028 sed
1665 1987 1793 2028 etiam

320 2070 542 2123 vulgatam
571 2067 818 2115 lectionem,
850 2079 872 2104 a
895 2064 1071 2105 Budaeo
1102 2063 1166 2104 De
1189 2077 1290 2104 asse
1322 2079 1361 2117 p.
1382 2064 1479 2107 216.
1511 2077 1534 2104 e
1567 2065 1792 2106 codicibus

321 2149 472 2191 nescio
506 2148 662 2203 quibus
704 2144 920 2199 prolatam
959 2146 1087 2197 (nam
1125 2144 1280 2198 quibus
1311 2142 1430 2183 libris
1462 2142 1568 2184 Mss.
1600 2157 1704 2184 usus
1738 2143 1794 2184 sit

323 2226 542 2276 Budaeus,
577 2238 692 2265 nunc
720 2237 805 2263 non
838 2228 1035 2271 constat,
1075 2221 1248 2275 optimis
1284 2221 1456 2275 quidem
1488 2221 1559 2260 vix
1591 2221 1794 2263 videntur

321 2318 423 2346 esse
465 2301 781 2353 accensendi).
862 2299 1106 2339 Barbarum
1145 2305 1289 2339 autem
1328 2299 1548 2352 appellavi
1586 2313 1711 2353 quem
1752 2300 1794 2341 K
1906 2319 1909 2336 .

321 2381 514 2435 Silligius
546 2380 752 2428 nominat,
784 2376 950 2418 scilicet
979 2375 1196 2416 famosum
1224 2375 1342 2416 illum
1363 2374 1568 2417 Veterem
1594 2378 1791 2419 codicem

319 2460 611 2514 Dalecampii,
641 2471 768 2512 quem
791 2455 951 2496 nullum
976 2456 1150 2495 omnino
1179 2453 1320 2495 fuisse
1341 2468 1600 2508 persuasum
1630 2455 1789 2506 habeo,

320 2539 423 2579 lieet
458 2552 542 2578 non
589 2537 768 2577 Barbari
802 2542 966 2575 tantum
1006 2534 1088 2575 scd
1121 2533 1304 2574 aliorum
1336 2533 1464 2574 etiam
1492 2534 1683 2574 virorum
1717 2536 1790 2576 do-

322 2623 488 2658 ctorum
508 2616 787 2657 coniecturas
809 2627 860 2654 ea
878 2612 989 2668 sigla
1009 2611 1326 2669 comprehendi
1346 2611 1665 2665 perspexerim.
1692 2611 1790 2654 Iloc

322 2701 443 2736 certe
480 2693 579 2734 loco
614 2700 656 2734 et
694 2691 809 2734 infra
845 2693 888 2748 ξ.
919 2691 1013 2733 209.
1049 2691 1270 2746 scriptura
1311 2705 1334 2732 e
1377 2689 1411 2730 V
1443 2690 1483 2730 in
1514 2689 1787 2746 Dalecampii

319 2771 516 2827 margine
537 2769 670 2811 allata
698 2771 738 2811 in
761 2769 946 2811 vetustis
975 2767 1188 2822 exemplis
1215 2780 1326 2822 quae
1349 2768 1403 2808 ab
1425 2766 1659 2810 Hermolao
1679 2768 1787 2811 Bar-
