1914 3237
301 148 383 193 206
858 151 974 191 Liber
1004 152 1214 192 XXXIII.

301 282 505 330 mutetur,
557 291 610 319 ex
639 291 765 319 versu
796 279 875 322 107
904 279 1004 320 mihi
1035 279 1202 335 quidem
1233 280 1398 321 videtur
1441 281 1523 336 legi
1551 295 1762 333 paqurum.

300 356 347 395 In
378 354 606 409 archetypo
636 357 745 396 enim
775 357 817 397 in
834 357 916 398 fine
938 371 1135 398 versuum
1153 371 1175 399 e
1195 359 1439 400 membrana
1457 359 1760 414 aliquantulum

299 436 372 472 aut
403 431 588 474 deletum
617 437 689 474 aut
718 434 827 475 male
858 439 1125 490 compactum
1155 435 1285 477 fuisse
1306 436 1538 491 putandum
1570 441 1647 490 est,
1679 450 1760 492 quo

298 509 456 550 factum
500 514 585 564 est,
628 515 675 552 ut
709 512 876 564 pajirum
913 525 1080 565 omnes,
1123 517 1306 554 caudam.
1348 517 1502 555 labrum
1531 514 1588 568 B,
1633 516 1761 556 ceteri

297 591 431 628 canda
479 591 632 628 labrum
681 589 952 631 servaverint.
1038 589 1188 631 Eidem
1238 592 1336 633 vitio
1390 592 1527 634 tribuo
1578 606 1760 634 errorem

297 666 333 718 ξ.
365 666 445 708 154
475 679 500 706 a
529 666 697 707 nemine
729 666 828 707 dum
860 666 1214 711 animadversum.
1245 669 1353 711 Nam
1384 675 1482 725 post
1511 684 1548 711 v.
1579 673 1762 722 spondyli

296 742 454 783 excidit
484 747 591 797 loc03
619 758 695 795 pro
725 748 918 797 spondylo
950 746 1075 800 vulgo
1105 745 1284 801 legitur,
1314 747 1368 789 ad
1399 761 1568 788 sensum
1599 752 1725 791 recte.

830 899 990 949 LIBER
1046 901 1221 950 ΧΧΧΙΙΙ.

403 1009 541 1051 Huius
585 1009 681 1051 libri
719 1010 783 1066 ἓξ.
815 1011 980 1065 8-30,
1019 1012 1203 1065 32-38,
1246 1013 1431 1067 42-57,
1462 1013 1679 1057 13‘2—-157
1718 1013 1759 1054 in

295 1086 625 1129 chrestomathia
654 1090 942 1142 tractavimus,
973 1103 996 1131 e
1027 1090 1178 1146 quibus
1206 1091 1333 1132 Ianus
1359 1092 1400 1132 in
1420 1092 1602 1133 editione
1620 1090 1758 1132 Teub-

295 1166 469 1206 neriana
505 1167 739 1208 recentiore
779 1172 821 1208 et
850 1181 1119 1209 numerorum
1151 1172 1273 1210 notas
1316 1169 1538 1210 nonnullas
1587 1183 1757 1211 accura-

293 1244 376 1284 tius
409 1245 618 1299 expressit
649 1249 689 1285 et
720 1244 824 1286 duos
864 1245 980 1287 locos
1010 1246 1176 1288 videtur
1207 1246 1479 1301 emendasse3
1526 1248 1564 1301 §.
1598 1248 1646 1290 15
1681 1261 1758 1302 ego

293 1326 410 1362 etiam
441 1323 714 1377 scripseram,
759 1323 887 1365 Ianus
932 1328 1046 1366 recte
1095 1324 1286 1365 distinxit
1324 1333 1361 1365 ec
1398 1329 1497 1378 iam;
1543 1324 1580 1378 §.
1613 1326 1690 1367 145
1722 1340 1758 1366 V.

292 1403 375 1440 eins
420 1404 517 1455 post
561 1405 743 1442 conservi
781 1403 1040 1455 1¹estituit*).
1099 1402 1300 1444 Fortasse
1332 1403 1459 1444 etiam
1494 1404 1529 1457 ἓ.
1561 1404 1614 1446 32
1644 1408 1758 1445 recte

291 1477 394 1532 legit
433 1482 665 1531 principatu
711 1493 734 1521 e
765 1479 800 1520 B
830 1494 905 1535 pro
940 1485 1207 1532 principatus.
1265 1480 1389 1528 Quod
1438 1486 1578 1522 autem
1608 1481 1646 1535 §.
1680 1483 1757 1523 155

292 1569 371 1611 ego
402 1564 453 1608 ‚el
481 1557 706 1613 Antipater
736 1560 917 1613 quoque‘
947 1559 1117 1613 scripsi,
1153 1558 1196 1600 id
1226 1559 1375 1600 Bamb.
1406 1564 1577 1601 auctore
1606 1559 1700 1602 feci.

931 1662 960 1709 3
983 1678 1025 1696 =
1049 1663 1088 1709 1.

359 1744 443 1794 illa
481 1762 571 1796 nos
599 1748 920 1813 perimunt—
957 1763 1082 1812 quae
1120 1747 1386 1797 occultavit
1401 1753 1546 1812 atque
1569 1748 1757 1797 demer-

356 1835 417 1883 sit
457 1833 674 1896 (tellus),
710 1835 791 1884 illa
826 1851 951 1900 quae
971 1851 1069 1886 non
1107 1840 1371 1885 nascuntur
1408 1842 1625 1901 repente.

399 1921 614 1977 Frigidam
646 1924 899 1964 sententiam
931 1937 984 1965 ne
1014 1928 1103 1964 tum
1134 1924 1303 1979 quidem
1334 1924 1549 1979 prooemio
1581 1925 1604 1965 i.
1638 1938 1673 1966 e.
1705 1939 1754 1966 eo

181 1695 262 1739 724

290 2000 382 2041 loco
414 2000 630 2042 ferendam
646 2014 740 2042 esse
771 2005 976 2056 putarem,
1007 2015 1089 2057 quo
1122 2002 1175 2043 ad
1193 2003 1418 2043 oratoriam
1444 2006 1577 2043 artem
1597 2002 1755 2044 Plinius

290 2077 378 2119 fere
407 2080 644 2134 consurgit,
693 2079 726 2119 si
765 2078 966 2120 librorum
1000 2079 1253 2134 optimorum
1297 2079 1379 2120 fide
1423 2080 1754 2122 confirmaretur.

290 2156 399 2203 Quia
416 2156 525 2197 enim
544 2157 714 2198 metalla
744 2156 935 2213 frugibus
961 2160 1230 2212 opponuntur
1260 2170 1368 2212 quae
1401 2171 1476 2198 suo
1508 2158 1754 2213 plerumque

289 2238 479 2289 tempore
508 2236 761 2290 proveniunt
779 2248 917 2291 ncque
935 2236 1053 2290 ipsae
1070 2239 1244 2290 repente
1267 2240 1510 2289 nascuntur,
1541 2237 1754 2291 negationi

290 2312 347 2352 illi
378 2312 493 2354 nulla
522 2313 691 2354 omnino
723 2314 785 2354 vis
815 2315 956 2354 inesse
987 2312 1210 2355 videretur.
1242 2313 1399 2368 Optimi
1428 2318 1568 2355 autem
1588 2313 1755 2355 codices

290 2389 373 2430 BV
390 2390 429 2431 R,
473 2399 514 2431 ul
556 2398 718 2443 repenle
757 2405 921 2432 summo
961 2404 1170 2432 consensu
1212 2391 1434 2434 exhibent:
1492 2392 1634 2446 itaque
1673 2405 1753 2432 non

290 2467 471 2509 delenda
503 2474 568 2510 cst
597 2470 746 2511 vocula
780 2477 820 2510 zet
849 2468 923 2509 sed
956 2468 1199 2510 addendum
1225 2469 1399 2510 verbum
1430 2472 1472 2509 et
1503 2469 1555 2510 ad
1587 2474 1754 2510 senten-

289 2547 389 2587 tiam
440 2551 481 2588 et
529 2547 583 2588 ad
628 2551 864 2588 structurae
903 2547 1233 2588 concinnitatem
1275 2547 1572 2588 necessarium.
1633 2546 1754 2594 Quod

362 2662 399 2702 ⁸¹)
428 2662 622 2696 Praeterea
653 2662 830 2696 nonnulla
857 2663 989 2705 prioris
1017 2661 1189 2695 editionis
1208 2661 1485 2695 'l'eubnerianae
1502 2671 1609 2704 quam
1633 2663 1754 2705 operis

429 2736 628 2766 correctam
651 2732 888 2766 exhibueram
908 2733 994 2765 vitia
1018 2731 1264 2775 imprudentia
1291 2742 1371 2765 mea
1388 2732 1539 2775 contigit
1564 2735 1596 2763 ut
1622 2737 1754 2775 repere

430 2806 564 2837 rentur.
