1914 3237
289 156 345 199 58
899 153 1030 197 Liber
1057 153 1146 199 IV.

687 277 893 334 Taphias,
928 278 1158 329 Carnos,
1192 277 1356 331 Oxiae,

287 355 591 398 terminatione
621 357 800 399 alterius
829 357 966 399 ultimi
995 356 1197 399 vocabuli
1226 358 1346 399 initio
1376 359 1601 412 absorpta.
1641 356 1753 399 Car-

284 448 385 475 num
417 442 562 477 autem
592 437 706 479 inter
734 438 816 479 has
849 437 1018 479 insulas
1048 436 1242 477 nominat
1271 436 1453 492 Scylax.
1504 437 1615 478 Nam
1641 448 1754 492 quae

283 512 399 555 infra
417 515 615 569 sequitur
639 515 814 571 Cyrnus
846 530 932 558 una
952 515 1224 557 Echinadum
1245 514 1325 557 fuit
1342 528 1369 556 a
1387 515 1534 558 Carno
1554 516 1748 559 diversa.

206 636 261 678 79
848 640 910 689 65
931 663 980 685 =
1003 641 1083 702 12,
1107 640 1186 688 22.

347 740 512 805 Ipsam
543 739 833 806 (Andrum)
871 741 1107 806 Myrsilus
1147 743 1185 790 C
1200 758 1394 802 auron,
1440 741 1617 789 deinde
1654 742 1754 790 An-

347 832 553 879 tandron
590 831 974 894 cognominatam
1004 832 1167 893 tradit,
1198 831 1521 879 Callimachus
1538 831 1751 892 Lasiam,

348 920 427 968 alii
457 920 820 985 Nonagriam,
856 921 1189 986 Hydrussam,
1221 921 1490 986 Epagrim.

335 1031 524 1073 Primum
557 1044 655 1072 cum
689 1031 789 1072 cod.
822 1031 864 1072 R
897 1031 1132 1086 legendum
1163 1039 1232 1074 est
1263 1031 1466 1082 Gauron,
1510 1045 1610 1072 nam
1644 1029 1750 1073 Γαύ-

278 1129 368 1166 ριον
396 1110 598 1165 φρούριον
624 1109 765 1150 Andri
785 1111 980 1151 nominat
1002 1110 1222 1152 Diodorus
1245 1111 1357 1151 Xlll.
1375 1109 1452 1159 693
1485 1110 1641 1151 deinde
1657 1109 1750 1149 No-

278 1189 476 1229 nacriam
523 1188 617 1229 sive
654 1189 800 1242 potius
845 1189 1091 1230 IVonacrim
1137 1195 1181 1230 et
1217 1189 1424 1245 Epacrim
1474 1190 1681 1245 (Epacim
1722 1190 1749 1231 d

276 1259 470 1323 Epacain
485 1267 563 1321 R).
602 1267 711 1308 lllud
742 1269 854 1309 enim
886 1281 1043 1309 nomen
1073 1281 1170 1308 cum
1202 1267 1492 1310 celeberrimo
1521 1269 1748 1310 Arcadum

276 1356 421 1388 monte
453 1346 695 1389 cohaerere
721 1347 910 1397 videtur,
942 1360 1072 1401 quum
1105 1347 1234 1388 etiam
1256 1347 1453 1388 Andrum
1484 1347 1748 1389 incoluerint

276 1424 474 1481 Pelasgi,
503 1424 559 1466 cf.
586 1425 755 1468 Conon.
779 1424 913 1468 c.41:
954 1432 1184 1480 utrumque
1216 1439 1242 1466 a
1272 1439 1313 1465 v.
1349 1420 1465 1480 ἄκρα
1498 1425 1746 1467 ducendum

274 1512 353 1545 est.
421 1503 626 1546 Ceterum
664 1504 780 1546 infra
824 1517 999 1559 quoque
1036 1504 1073 1560 §.
1093 1503 1159 1546 66.
1189 1504 1369 1545 Lasiam
1399 1505 1573 1546 videtur
1613 1506 1744 1547 corri-

272 1583 474 1637 gendum.

190 1695 246 1738 80
838 1694 901 1742 71
923 1719 968 1738 =
992 1695 1072 1756 12,
1093 1695 1172 1743 23.

337 1797 572 1861 Calymna
618 1794 667 1842 in
707 1811 800 1859 qua
841 1795 1073 1860 oppidum
1112 1796 1268 1855 Coos,
1317 1796 1550 1860 Calymna
1585 1814 1612 1844 a
1648 1815 1742 1862 qua

340 1886 639 1952 Carpathum
695 1902 818 1950 quae
870 1902 1046 1934 nomen
1102 1885 1364 1949 Carpathio
1416 1886 1536 1934 mari
1588 1888 1738 1950 dedit,

334 1977 478 2026 XXV
518 1976 615 2025 mil.
654 1993 902 2041 passuum.

376 2087 508 2130 Falsa
527 2088 640 2129 haec
661 2101 764 2129 esse
786 2096 990 2143 apparet,
1011 2089 1112 2144 quid
1130 2088 1446 2129 restituendum
1467 2089 1537 2139 sit,
1558 2089 1735 2132 difficile

266 2173 333 2210 est
362 2168 564 2209 iudicatu.
602 2167 713 2207 Nam
734 2168 849 2222 quod
866 2167 1117 2208 Harduinus
1149 2168 1339 2221 priorem
1368 2166 1550 2207 insulam
1576 2167 1735 2223 Calyd-

264 2260 367 2285 nam
397 2246 532 2287 scribi
560 2246 710 2299 voluit,
739 2247 904 2288 abusus
927 2253 995 2288 est.
1016 2247 1264 2288 discrimine
1286 2259 1473 2300 prorsus
1501 2247 1735 2288 arbitrario

264 2325 380 2379 quod
419 2332 465 2366 ut
503 2325 706 2367 diversas
754 2325 948 2366 eiusdem
988 2325 1174 2366 nominis
1210 2323 1380 2366 formas
1416 2325 1630 2380 sinmlque
1669 2325 1734 2367 lo-

264 2416 359 2444 cum
376 2403 657 2446 Homericum
679 2405 722 2446 ll.
736 2404 892 2446 11.67·7.
907 2404 1195 2458 explicarent,
1211 2404 1482 2457 grammatici
1500 2405 1730 2459 excogita-

261 2490 374 2534 rnnt,
399 2482 451 2525 cf.
469 2483 791 2525 Sti—ab.X.489.
827 2484 980 2525 Priore
1011 2490 1130 2524 certe
1158 2481 1259 2523 loco
1292 2496 1390 2522 cum
1413 2483 1566 2526 cod.A
1593 2493 1635 2524 et
1665 2497 1732 2525 re-

262 2561 387 2616 liquis
418 2563 490 2616 qui
520 2562 590 2604 vel
617 2561 846 2618 Calymnia
868 2561 938 2604 vel
958 2561 1190 2603 calumnia
1219 2560 1382 2616 legunt,
1411 2561 1566 2615 procul
1598 2563 1730 2603 dubio

264 2638 481 2681 Calunma
512 2641 583 2681 vel
616 2640 829 2696 Calymna
858 2641 1133 2682 retinendum
1162 2647 1245 2683 est.
1322 2639 1493 2680 Deinde
1525 2638 1644 2681 Coos
1673 2641 1728 2681 ab

261 2719 416 2761 eadem
443 2718 586 2761 insula
619 2720 927 2775 distinguenda
951 2721 1046 2773 erit,
1077 2733 1206 2775 quum
1225 2725 1327 2773 post
1344 2717 1602 2773 Calymnam
1623 2717 1728 2760 Car-

261 2797 439 2852 pathum
469 2811 629 2840 versus
662 2797 752 2840 Cos
783 2797 926 2840 insula
953 2798 1094 2852 prima
1119 2805 1352 2852 sequatur,
1382 2810 1496 2853 quae
1527 2798 1657 2839 etiam
1686 2797 1728 2839 in
