1914 3237
720 138 853 181 Liber
883 140 996 184 VII.
1515 137 1594 180 131

182 258 331 324 Gyge
353 276 471 325 rege
502 267 618 309 tunc
637 260 934 326 amplissimo
957 269 1201 312 terrarum
1221 261 1428 312 consulti
1462 261 1594 327 (dei)

184 350 390 415 Aglaum
423 349 743 413 Psophidium
784 366 894 397 esse
931 350 1216 398 feliciorem.

228 461 460 510 Quomodo
478 459 638 500 sactum
659 459 716 500 sit
734 466 779 500 ut
796 459 921 500 Plinii
941 467 1099 501 auctor
1114 460 1287 515 Gygem
1304 476 1386 516 pro
1405 462 1591 517 Croeso,

112 555 194 595 pro
219 540 386 581 Solone
415 537 662 591 Apollinem
694 538 836 592 ipsum
866 539 1136 587 nominaret,
1174 545 1372 580 nostrum
1404 554 1491 581 non
1523 548 1592 582 est

111 618 344 672 inquirere.
404 615 688 657 Manifestum
725 624 869 656 tamen
907 623 975 657 est
1007 616 1163 657 Croesi
1200 624 1390 657 aetatem
1429 618 1590 671 signifi-

111 677 230 746 cari,
271 708 357 749 qua
388 693 576 747 Aglaum
620 693 786 734 vixisse
819 693 1066 734 Pausanias
1103 694 1211 734 vul.
1247 694 1316 739 24.
1349 696 1386 737 7.
1427 695 1589 738 refert:

109 774 257 829 itaque
297 786 425 828 quem
460 772 639 814 Pedium
675 771 888 826 appellari
921 766 1120 814 videfnus
1150 773 1369 816 hominem
1401 789 1587 829 prorsus

110 855 328 908 ignotum,
366 853 552 893 eundem
584 865 688 894 esse
716 866 770 892 ac
801 850 969 893 Tellum
1000 851 1319 895 Atheniensem
1355 853 1410 894 ab
1445 852 1587 895 Hero·

110 932 215 972 doto
247 932 273 973 Ι.
305 931 376 974 30.
417 932 642 973 laudatum
677 932 762 973 iam
802 931 1027 973 Pintianus
1065 933 1387 974 animadvertit.
1458 932 1587 975 Uter-

110 1024 194 1066 que
236 1011 349 1051 enim
392 1025 475 1064 pro
515 1012 658 1064 patria
692 1011 964 1052 occubuerat
1008 1018 1051 1052 et
1091 1012 1266 1066 quidem
1305 1011 1505 1065 proxime
1542 1012 1585 1053 in

109 1102 257 1143 pugna
300 1089 356 1130 ad
390 1089 641 1130 Eleusinem
682 1089 921 1131 commissa
960 1103 1058 1131 cum
1097 1090 1244 1132 fausto
1280 1090 1382 1132 belli
1417 1090 1585 1132 Solone

107 1174 289 1208 auctore
318 1174 477 1207 contra
509 1165 805 1220 Megarenses
842 1167 897 1208 de
937 1167 1161 1209 Salamine
1203 1168 1344 1209 insula
1384 1171 1586 1224 suscepti

107 1253 269 1287 eventu
299 1245 547 1287 coniuncta.
608 1246 763 1301 Neque
789 1254 934 1287 tamen
957 1261 998 1288 v.
1018 1247 1201 1287 Pedium
1226 1247 1268 1288 in
1296 1246 1463 1288 Tellum
1495 1262 1584 1290 mu-

107 1324 286 1365 tandum
330 1331 420 1374 est,
463 1324 625 1379 quippe
664 1325 779 1379 quod
812 1324 869 1365 ad
901 1325 980 1365 viri
1010 1323 1236 1367 fortissimi
1266 1326 1452 1381 patriam
1483 1341 1583 1382 spe-

105 1410 228 1444 ctare
257 1403 472 1444 videatur.
538 1406 693 1451 Πεδιεΐς
724 1403 837 1444 enim
867 1415 1052 1458 campos
1078 1404 1134 1444 ab
1165 1404 1273 1444 urbe
1304 1404 1581 1459 Megaridem

104 1495 263 1522 versus
295 1482 404 1521 sitos
434 1479 675 1522 incoluisse
706 1489 902 1534 constat,
944 1480 1002 1524 cf.
1035 1481 1237 1537 Tliucyd.
1264 1483 1294 1524 l.
1318 1482 1385 1526 55.
1406 1484 1460 1526 al.
1519 1485 1581 1526 Ibi

102 1559 232 1613 igitur
251 1572 347 1599 cum
366 1559 649 1600 nobilissimis
667 1559 836 1601 civibus
859 1559 938 1614 (cf.
956 1560 1122 1605 Herod.
1137 1562 1167 1603 1.
1181 1562 1249 1615 59,
1268 1562 1378 1603 Plut.
1399 1563 1492 1605 Sol.
1506 1564 1579 1619 13)

103 1635 255 1677 Tellus
295 1635 523 1678 habitasse
563 1645 695 1692 atque
737 1637 838 1679 inde
877 1638 933 1678 ad
965 1639 1180 1694 proelium
1214 1640 1442 1695 profectus
1475 1656 1579 1685 esse

104 1715 324 1768 putandus
353 1724 434 1757 est.
492 1714 696 1770 Apparet
723 1715 855 1769 igitur
885 1722 960 1757 aut
988 1716 1172 1757 Pedium
1200 1718 1296 1760 sive
1326 1719 1472 1773 potius
1500 1720 1579 1762 Pe-

101 1792 275 1832 diaeum
307 1793 361 1832 ab
385 1791 568 1833 oraculo
589 1793 825 1834 obscurius
854 1801 1060 1835 vocatum
1080 1809 1182 1837 esse
1206 1804 1282 1838 aut
1311 1799 1430 1853 quod
1459 1800 1578 1856 equi-

101 1872 200 1912 dem
234 1871 520 1926 praetulerim
547 1870 827 1912 scribendum
860 1884 1000 1913 esse:-

577 1949 772 1991 Tellum
802 1950 1097 1993 Pediaeum.

651 2062 749 2110 154
766 2084 817 2106 =
836 2062 918 2124 48,
939 2063 1020 2111 49.
1603 2083 1683 2126 164

166 2161 456 2211 Hellanicus
505 2161 741 2226 quosdam
785 2163 832 2210 in
883 2163 1077 2211 Aetolia
1120 2165 1361 2229 Epiorum
1416 2168 1574 2232 gentis

167 2254 250 2300 CC
289 2255 507 2318 (annos)
546 2253 775 2317 explere,
825 2253 903 2300 cui
946 2253 1270 2318 adstipulatur
1311 2256 1573 2306 Damastes

168 2357 442 2389 memorans
466 2342 821 2390 Pictoreum
856 2360 919 2391 ex
944 2343 1002 2391 iis
1024 2345 1343 2411 praecipuum
1364 2365 1574 2413 corpore

164 2431 449 2494 viribusque
487 2431 631 2479 etiam
671 2433 800 2480 CCC
838 2433 1038 2482 fixisse.

207 2532 339 2586 Apud
372 2531 598 2573 Valerium
629 2532 868 2573 Maximum
898 2532 1008 2576 Vlll.
1037 2533 1098 2576 13.
1133 2535 1174 2589 6,
1202 2536 1328 2578 cuius
1357 2538 1574 2579 narratio-

96 2624 194 2652 nem
229 2610 390 2652 Plinius
422 2611 687 2664 exscripsit,
729 2610 974 2660 „Litorium
1004 2613 1221 2667 quendam
1253 2628 1308 2655 ex
1339 2614 1407 2656 his
1438 2617 1572 2658 maxi·

96 2702 264 2730 marum
291 2688 445 2730 virium
476 2695 763 2744 staturaeque
795 2689 1107 2744 praecipuae“
1145 2692 1413 2735 nominatum
1445 2709 1572 2750 repe-

93 2765 252 2820 rimus,
290 2767 334 2809 in
365 2765 490 2809 Plinii
529 2767 658 2809 codd.
691 2765 757 2807 Td
787 2766 1049 2819 Pictorium,
1090 2769 1339 2814 nominibus
1370 2774 1571 2816 omnibus

1234 2859 1292 2902 9*
