1914 3237
747 199 861 238 Liber
891 198 1006 236 XVI.
1301 174 1314 183 ’
1556 195 1609 240 17

148 330 413 386 Cyrenarum
444 328 570 384 ,quod
601 325 813 367 conditum
846 330 910 365 est
930 325 1045 365 urbis
1076 332 1244 367 nostrae
1279 340 1388 368 anno
1408 324 1609 366 CXLIII.‘

147 409 350 450 cecidisse
392 406 531 447 refert.
597 404 744 457 Neque
786 416 835 442 eo
880 403 1066 442 remedio
1099 405 1201 443 satis
1225 405 1294 444 illo
1325 403 1493 458 quidem
1524 404 1611 444 vio-

147 488 260 528 lento
293 498 374 540 quo
405 481 705 535 Dalecampius
751 493 969 520 numerum
1025 479 1278 531 ,CXXXVI‘
1325 482 1363 522 ei
1394 482 1462 536 qui
1493 482 1534 521 in
1564 481 1612 521 li-

150 565 234 605 bris
273 561 390 603 MSS.
437 559 644 614 reperitur
685 557 902 598 substituit
939 558 1075 598 locum
1107 564 1295 598 nostrum
1336 559 1474 598 sanari
1505 558 1613 599 arbi-

151 647 249 682 tror.
309 639 416 679 Tum
448 637 559 678 enim
588 650 671 676 non
721 636 899 687 ,circiter
943 649 1099 676 annum
1135 635 1375 676 CXXXVI‘
1411 636 1485 676 sed
1523 637 1614 690 ipso

146 718 215 759 illo
268 730 377 758 anno
428 715 533 756 silva
578 719 678 754 nata
725 726 819 753 esse
866 718 1118 754 narraretur.
1179 713 1375 765 Accedit,
1433 719 1479 753 ut
1522 727 1616 767 pro-

147 797 261 837 xima
302 793 508 850 particula
546 796 624 833 iam
662 792 901 832 necessario
934 791 1088 832 diversi
1120 792 1322 846 temporis
1355 791 1614 832 notationem

148 874 321 929 flagitet.
380 855 472 913 Iam·
497 884 595 911 vero
626 869 946 924 Theophrastus
977 870 1103 921 ,circa
1133 870 1246 910 urbis
1274 870 1435 910 Romae
1460 882 1615 909 annum

149 950 389 992 OCOOXL‘
445 949 665 1003 scripsisse
695 947 811 988 ΧΙΙΙ.
851 948 919 989 101
954 947 1145 988 traditur.
1205 947 1315 995 Quid
1357 948 1486 1002 igitur
1516 946 1615 987 faei-

148 1031 227 1071 lius
261 1034 324 1069 est
354 1041 479 1083 quam
510 1040 684 1066 numero
717 1026 867 1066 leniter
899 1026 1124 1066 emendato
1157 1040 1324 1066 versum
1354 1025 1521 1066 XXVII
1551 1024 1617 1065 lit-

150 1114 335 1149 terarum
365 1106 425 1146 ita
453 1110 731 1159 transponere
761 1108 807 1143 ut
837 1103 1021 1158 legatur:

206 1211 254 1216 ——
286 1197 516 1233 crassoque.
578 1185 737 1221 Hedera
776 1186 855 1221 iam
892 1185 1037 1221 {licitur
1077 1185 1116 1221 in
1150 1186 1244 1221 Asia
1285 1186 1419 1223 nasci:
1459 1184 1620 1222 circiter

204 1267 313 1304 urbis
345 1264 495 1303 Romae
535 1274 680 1300 (lienum
714 1262 1027 1300 CCCCXXXX.
1058 1269 1275 1309 nemmem!
1311 1262 1618 1311 Theopli1·astu.s·.

710 1419 801 1465 146
823 1439 882 1458 -—-
902 1419 1059 1474 34‚6‘2.
1646 1422 1729 1467 278

218 1519 440 1568 Fructum
479 1532 676 1581 quoque
714 1516 972 1565 candidum
1010 1517 1266 1565 ferentium
1303 1515 1408 1564 aliis
1436 1515 1621 1564 densus

219 1608 386 1656 acinus
425 1612 471 1654 et
507 1605 752 1670 grandior,
791 1605 995 1653 racemis
1032 1605 1078 1653 in
1117 1606 1284 1654 orbem
1317 1604 1621 1653 circumactis

220 1696 302 1759 qui
338 1702 575 1743 vocantur
620 1693 859 1756 corymbi,
909 1693 1022 1741 itcm
1060 1693 1335 1742 selcnitinm
1374 1693 1511 1741 cuius
1549 1697 1623 1740 est

222 1784 377 1832 minor
412 1783 607 1839 acinus,
660 1781 875 1845 sparsior
911 1797 1160 1846 racemus3
1213 1780 1355 1830 simili
1392 1782 1538 1830 modo
1578 1781 1623 1828 in

222 1872 373 1935 nigra.
413 1870 574 1919 Alicui
615 1875 661 1918 et
696 1884 865 1918 semen
888 1869 1094 1934 nigrum,
1133 1868 1212 1918 alii
1249 1875 1494 1920 crocatum
1534 1874 1625 1918 etc.

265 1970 494 2025 Vulgatam
533 1969 642 2010 hanc
680 1968 864 2010 hederae
896 1969 1222 2025 descriptionem
1251 1970 1446 2011 vitiosam
1478 1983 1573 2009 esse
1605 1981 1628 2009 e

160 2049 360 2089 librorum
384 2047 505 2089 MSS.
544 2047 750 2088 varietate
782 2048 851 2102 qui
884 2048 937 2088 ad
966 2062 1097 2089 unum
1129 2062 1275 2089 omnes
1305 2052 1542 2089 silenire'cum
1573 2056 1628 2088 est

156 2126 326 2179 habent,
359 2125 443 2167 Sill.
463 2126 686 2178 intellexit,
718 2125 831 2166 idem
849 2127 1135 2167 coniecturam
1161 2127 1263 2167 satis
1292 2126 1503 2167 infelicem
1532 2139 1626 2180 pro-

156 2204 296 2259 posuit
334 2207 568 2253 Silem‘cum,
612 2208 695 2255 cui,
737 2204 778 2244 in
811 2218 893 2258 qua
924 2210 1118 2245 neutrum
1153 2218 1286 2258 genus
1326 2204 1427 2244 mihi
1458 2203 1626 2258 quidem

156 2282 420 2322 intolerabile
464 2282 640 2323 videtur.
699 2283 826 2322 Ianus
866 2282 1033 2337 scripsit
1064 2286 1265 2332 Siletzicis,
1312 2290 1387 2333 esi,
1424 2282 1467 2322 in
1498 2296 1627 2322 anno-

157 2360 316 2400 tatione
346 2374 386 2415 p.
418 2359 510 2400 VII.
542 2363 723 2409 Silenici,
768 2359 809 2399 in
841 2360 972 2414 praef.
1003 2360 1082 2402 vol.
1119 2360 1191 2402 VI.
1225 2364 1406 2412 Silenici,
1447 2365 1528 2401 cui
1558 2369 1626 2401 est.

158 2437 323 2477 Variari
349 2438 583 2478 orationem
604 2442 793 2492 apparet,
823 2451 916 2478 cum
933 2441 1024 2478 aliis
1040 2453 1114 2493 per
1134 2439 1428 2480 attractionem
1448 2439 1628 2493 proximi

158 2515 351 2556 vocabuli
381 2516 664 2556 nominativus
687 2515 957 2570 respondeat,
992 2516 1270 2557 Scribendum
1303 2521 1367 2557 est
1399 2517 1509 2557 enim
1541 2521 1628 2556 item

158 2597 323 2634 Silenici
355 2598 435 2642 (sc.
468 2593 713 2647 corymbo),
745 2607 831 2634 cum
862 2601 918 2633 est
948 2594 1019 2634 rel.
1053 2593 1117 2635 Cf.
1148 2594 1426 2649 Theophrast.
1457 2595 1531 2635 ΙΙΙ.
1558 2595 1627 2636 18.

159 2672 197 2713 b'.
245 2670 464 2713 Candidas
497 2671 681 2712 hederae
713 2671 939 2726 generibus
971 2671 1176 2713 absolutis
1208 2672 1262 2712 ad
1287 2672 1463 2712 alterum
1495 2686 1628 2727 genus

160 2749 348 2790 transitio
392 2764 416 2791 a
462 2749 634 2791 vocibus
682 2749 820 2802 ,simili
850 2749 989 2790 modo‘
1020 2750 1194 2804 incipit,
1237 2750 1434 2805 quocirca
1463 2750 1627 2804 plenius

159 2832 254 2881 post
301 2830 520 2881 ,racemus‘
578 2827 922 2883 distinguendum
972 2832 1014 2869 et
1072 2828 1131 2869 sic
1170 2828 1484 2883 procedendum
1543 2833 1627 2869 est:

1417 2907 1444 2949 2
