<?xml version="1.0" encoding="UTF-8"?>
<!DOCTYPE html PUBLIC "-//W3C//DTD XHTML 1.0 Transitional//EN"
    "http://www.w3.org/TR/xhtml1/DTD/xhtml1-transitional.dtd">
<html xmlns="http://www.w3.org/1999/xhtml" xml:lang="en" lang="en">
 <head>
  <title>
</title>
<meta http-equiv="Content-Type" content="text/html;charset=utf-8" />
  <meta name='ocr-system' content='tesseract 3.04.00' />
  <meta name='ocr-capabilities' content='ocr_page ocr_carea ocr_par ocr_line ocrx_word'/>
</head>
<body>
  <div class='ocr_page' id='page_1' title='image "./vindiciaeplinian00urliuoft_0187.png"; bbox 0 0 1914 3237; ppageno 0'>
   <div class='ocr_carea' id='block_1_1' title="bbox 717 168 1614 215">
    <p class='ocr_par' dir='ltr' id='par_1_1' title="bbox 717 168 1614 215">
     <span class='ocr_line' id='line_1_1' title="bbox 717 168 1614 215; baseline -0.002 -3"><span class='ocrx_word' id='word_1_1' title='bbox 717 172 849 213; x_wconf 83' lang='lat' dir='ltr'><strong>Liber</strong></span> <span class='ocrx_word' id='word_1_2' title='bbox 881 172 1010 215; x_wconf 77' lang='lat' dir='ltr'><em>XIV.</em></span> <span class='ocrx_word' id='word_1_3' title='bbox 1534 168 1614 211; x_wconf 84' lang='lat'><strong>183</strong></span> 
     </span>
    </p>
   </div>
   <div class='ocr_carea' id='block_1_2' title="bbox 125 292 1608 897">
    <p class='ocr_par' dir='ltr' id='par_1_2' title="bbox 125 292 1608 897">
     <span class='ocr_line' id='line_1_2' title="bbox 135 292 1608 350; baseline 0.001 -16"><span class='ocrx_word' id='word_1_4' title='bbox 135 292 398 347; x_wconf 81' lang='lat' dir='ltr'>scripturam</span> <span class='ocrx_word' id='word_1_5' title='bbox 418 293 585 335; x_wconf 78' lang='lat' dir='ltr'><em>bonitas</em></span> <span class='ocrx_word' id='word_1_6' title='bbox 613 307 743 350; x_wconf 87' lang='lat' dir='ltr'><strong>quam</strong></span> <span class='ocrx_word' id='word_1_7' title='bbox 763 308 788 336; x_wconf 92' lang='lat' dir='ltr'><strong>e</strong></span> <span class='ocrx_word' id='word_1_8' title='bbox 807 295 1035 336; x_wconf 85' lang='lat' dir='ltr'><strong>codicibus</strong></span> <span class='ocrx_word' id='word_1_9' title='bbox 1068 294 1315 336; x_wconf 85' lang='lat' dir='ltr'>Salmasius</span> <span class='ocrx_word' id='word_1_10' title='bbox 1335 308 1375 349; x_wconf 92' lang='lat' dir='ltr'><strong>p.</strong></span> <span class='ocrx_word' id='word_1_11' title='bbox 1386 294 1469 336; x_wconf 89' lang='grc'><strong>467</strong></span> <span class='ocrx_word' id='word_1_12' title='bbox 1488 293 1535 335; x_wconf 90' lang='lat' dir='ltr'><strong>B.</strong></span> <span class='ocrx_word' id='word_1_13' title='bbox 1567 294 1608 336; x_wconf 90' lang='lat' dir='ltr'><strong>in</strong></span> 
     </span>
     <span class='ocr_line' id='line_1_3' title="bbox 133 369 1607 426; baseline 0.003 -16"><span class='ocrx_word' id='word_1_14' title='bbox 133 369 334 411; x_wconf 81' lang='lat' dir='ltr'><strong>bonitatis</strong></span> <span class='ocrx_word' id='word_1_15' title='bbox 350 373 551 426; x_wconf 85' lang='lat' dir='ltr'><strong>mutavit,</strong></span> <span class='ocrx_word' id='word_1_16' title='bbox 568 372 757 422; x_wconf 78' lang='lat' dir='ltr'><strong>retinuit,</strong></span> <span class='ocrx_word' id='word_1_17' title='bbox 776 371 829 413; x_wconf 90' lang='lat' dir='ltr'><strong>V.</strong></span> <span class='ocrx_word' id='word_1_18' title='bbox 844 370 893 412; x_wconf 92' lang='lat' dir='ltr'><strong>D.</strong></span> <span class='ocrx_word' id='word_1_19' title='bbox 915 371 1123 412; x_wconf 83' lang='lat' dir='ltr'><strong>assentiri</strong></span> <span class='ocrx_word' id='word_1_20' title='bbox 1140 384 1327 425; x_wconf 85' lang='lat' dir='ltr'><strong>nequeo.</strong></span> <span class='ocrx_word' id='word_1_21' title='bbox 1367 372 1607 414; x_wconf 86' lang='lat' dir='ltr'><strong>Manifesto</strong></span> 
     </span>
     <span class='ocr_line' id='line_1_4' title="bbox 132 449 1606 504; baseline 0.001 -15"><span class='ocrx_word' id='word_1_22' title='bbox 132 449 246 490; x_wconf 87' lang='lat' dir='ltr'><strong>enim</strong></span> <span class='ocrx_word' id='word_1_23' title='bbox 279 463 364 490; x_wconf 88' lang='lat' dir='ltr'><strong>non</strong></span> <span class='ocrx_word' id='word_1_24' title='bbox 393 449 571 490; x_wconf 81' lang='lat' dir='ltr'><strong>claritas</strong></span> <span class='ocrx_word' id='word_1_25' title='bbox 601 449 797 499; x_wconf 83' lang='lat' dir='ltr'><strong>bonitati,</strong></span> <span class='ocrx_word' id='word_1_26' title='bbox 827 449 906 490; x_wconf 89' lang='lat' dir='ltr'><strong>sed</strong></span> <span class='ocrx_word' id='word_1_27' title='bbox 935 461 1052 490; x_wconf 85' lang='lat' dir='ltr'><strong>anno</strong></span> <span class='ocrx_word' id='word_1_28' title='bbox 1081 461 1223 504; x_wconf 83' lang='lat' dir='ltr'><strong>genus</strong></span> <span class='ocrx_word' id='word_1_29' title='bbox 1254 450 1511 503; x_wconf 86' lang='lat' dir='ltr'><strong>opponitur,</strong></span> <span class='ocrx_word' id='word_1_30' title='bbox 1546 452 1606 491; x_wconf 85' lang='lat' dir='ltr'><strong>ita</strong></span> 
     </span>
     <span class='ocr_line' id='line_1_5' title="bbox 129 526 1606 583; baseline 0.003 -16"><span class='ocrx_word' id='word_1_31' title='bbox 129 534 175 567; x_wconf 91' lang='lat' dir='ltr'><strong>ut</strong></span> <span class='ocrx_word' id='word_1_32' title='bbox 205 541 333 581; x_wconf 88' lang='lat' dir='ltr'><strong>quum</strong></span> <span class='ocrx_word' id='word_1_33' title='bbox 363 526 526 569; x_wconf 88' lang='lat' dir='ltr'><strong>nullum</strong></span> <span class='ocrx_word' id='word_1_34' title='bbox 552 541 694 582; x_wconf 86' lang='lat' dir='ltr'><strong>genus</strong></span> <span class='ocrx_word' id='word_1_35' title='bbox 727 535 905 582; x_wconf 89' lang='lat' dir='ltr'><strong>praeter</strong></span> <span class='ocrx_word' id='word_1_36' title='bbox 937 541 1014 578; x_wconf 79' lang='lat' dir='ltr'><strong>ea,</strong></span> <span class='ocrx_word' id='word_1_37' title='bbox 1059 529 1113 568; x_wconf 91' lang='lat' dir='ltr'><strong>de</strong></span> <span class='ocrx_word' id='word_1_38' title='bbox 1140 528 1298 583; x_wconf 87' lang='lat' dir='ltr'><strong>quibus</strong></span> <span class='ocrx_word' id='word_1_39' title='bbox 1332 529 1606 571; x_wconf 83' lang='lat' dir='ltr'><strong>disseruerat</strong></span> 
     </span>
     <span class='ocr_line' id='line_1_6' title="bbox 129 603 1603 661; baseline 0.003 -17"><span class='ocrx_word' id='word_1_40' title='bbox 129 603 305 659; x_wconf 87' lang='lat' dir='ltr'><strong>Plinius,</strong></span> <span class='ocrx_word' id='word_1_41' title='bbox 336 605 504 646; x_wconf 89' lang='lat' dir='ltr'><strong>clarum</strong></span> <span class='ocrx_word' id='word_1_42' title='bbox 533 605 832 660; x_wconf 81' lang='lat' dir='ltr'><strong>perhibeatur,</strong></span> <span class='ocrx_word' id='word_1_43' title='bbox 862 618 1018 660; x_wconf 83' lang='lat' dir='ltr'><strong>annus,</strong></span> <span class='ocrx_word' id='word_1_44' title='bbox 1040 619 1125 661; x_wconf 91' lang='lat' dir='ltr'><strong>quo</strong></span> <span class='ocrx_word' id='word_1_45' title='bbox 1150 605 1352 660; x_wconf 86' lang='lat' dir='ltr'><strong>Opimius</strong></span> <span class='ocrx_word' id='word_1_46' title='bbox 1374 606 1603 648; x_wconf 83' lang='lat' dir='ltr'><strong>consulatu</strong></span> 
     </span>
     <span class='ocr_line' id='line_1_7' title="bbox 127 681 1603 741; baseline 0.002 -17"><span class='ocrx_word' id='word_1_47' title='bbox 127 681 302 724; x_wconf 86' lang='lat' dir='ltr'><strong>functus</strong></span> <span class='ocrx_word' id='word_1_48' title='bbox 334 691 416 738; x_wconf 91' lang='lat' dir='ltr'><strong>est,</strong></span> <span class='ocrx_word' id='word_1_49' title='bbox 447 684 720 727; x_wconf 87' lang='lat' dir='ltr'><strong>clarissimus</strong></span> <span class='ocrx_word' id='word_1_50' title='bbox 737 685 998 740; x_wconf 81' lang='lat' dir='ltr'><strong>appelletur.</strong></span> <span class='ocrx_word' id='word_1_51' title='bbox 1038 685 1192 741; x_wconf 88' lang='lat' dir='ltr'><strong>Itaque</strong></span> <span class='ocrx_word' id='word_1_52' title='bbox 1222 699 1246 726; x_wconf 92' lang='lat' dir='ltr'><strong>e</strong></span> <span class='ocrx_word' id='word_1_53' title='bbox 1277 684 1458 726; x_wconf 82' lang='lat' dir='ltr'><strong>bonitati</strong></span> <span class='ocrx_word' id='word_1_54' title='bbox 1486 688 1603 741; x_wconf 89' lang='lat' dir='ltr'><strong>quod</strong></span> 
     </span>
     <span class='ocr_line' id='line_1_8' title="bbox 125 761 1603 819; baseline 0.003 -18"><span class='ocrx_word' id='word_1_55' title='bbox 125 761 167 802; x_wconf 94' lang='lat' dir='ltr'><strong>in</strong></span> <span class='ocrx_word' id='word_1_56' title='bbox 190 761 316 802; x_wconf 86' lang='lat' dir='ltr'><strong>codd.</strong></span> <span class='ocrx_word' id='word_1_57' title='bbox 338 763 398 802; x_wconf 91' lang='lat' dir='ltr'><strong>cd</strong></span> <span class='ocrx_word' id='word_1_58' title='bbox 424 762 656 816; x_wconf 86' lang='lat' dir='ltr'><strong>reperitur,</strong></span> <span class='ocrx_word' id='word_1_59' title='bbox 678 762 914 804; x_wconf 82' lang='lat' dir='ltr'><strong>ablativum</strong></span> <span class='ocrx_word' id='word_1_60' title='bbox 935 763 1117 805; x_wconf 87' lang='lat' dir='ltr'><strong>efficere</strong></span> <span class='ocrx_word' id='word_1_61' title='bbox 1136 770 1327 819; x_wconf 76' lang='lat' dir='ltr'><strong>oportet,</strong></span> <span class='ocrx_word' id='word_1_62' title='bbox 1359 777 1446 819; x_wconf 91' lang='lat' dir='ltr'><strong>quo</strong></span> <span class='ocrx_word' id='word_1_63' title='bbox 1466 776 1603 805; x_wconf 83' lang='lat' dir='ltr'><strong>eausa</strong></span> 
     </span>
     <span class='ocr_line' id='line_1_9' title="bbox 125 839 1599 897; baseline 0.002 -17"><span class='ocrx_word' id='word_1_64' title='bbox 125 853 205 881; x_wconf 87' lang='lat' dir='ltr'><strong>cur</strong></span> <span class='ocrx_word' id='word_1_65' title='bbox 224 853 365 882; x_wconf 86' lang='lat' dir='ltr'><strong>annus</strong></span> <span class='ocrx_word' id='word_1_66' title='bbox 387 839 535 882; x_wconf 89' lang='lat' dir='ltr'><strong>clarus</strong></span> <span class='ocrx_word' id='word_1_67' title='bbox 555 841 702 888; x_wconf 89' lang='lat' dir='ltr'><strong>fuerit,</strong></span> <span class='ocrx_word' id='word_1_68' title='bbox 730 842 1019 883; x_wconf 85' lang='lat' dir='ltr'><strong>contineatur.</strong></span> <span class='ocrx_word' id='word_1_69' title='bbox 1050 842 1345 884; x_wconf 88' lang='lat' dir='ltr'><strong>Scribendum</strong></span> <span class='ocrx_word' id='word_1_70' title='bbox 1365 849 1433 883; x_wconf 84' lang='lat' dir='ltr'><strong>est</strong></span> <span class='ocrx_word' id='word_1_71' title='bbox 1449 842 1599 897; x_wconf 81' lang='lat' dir='ltr'><strong>igitur:</strong></span> 
     </span>
    </p>
   </div>
   <div class='ocr_carea' id='block_1_3' title="bbox 0 0 6 113">
    <p class='ocr_par' dir='ltr' id='par_1_3' title="bbox 0 0 6 268">
     <span class='ocr_line' id='line_1_10' title="bbox 0 0 6 113; baseline 0 155"><span class='ocrx_word' id='word_1_72' title='bbox 0 0 6 113; x_wconf 80' lang='lat'>&#39;</span> 
     </span>
    </p>
   </div>
   <div class='ocr_carea' id='block_1_4' title="bbox 180 918 1600 977">
    <p class='ocr_par' dir='ltr' id='par_1_4' title="bbox 180 918 1600 977">
     <span class='ocr_line' id='line_1_11' title="bbox 180 918 1600 977; baseline 0.001 -17"><span class='ocrx_word' id='word_1_73' title='bbox 180 945 234 952; x_wconf 90' lang='lat'><strong>—</strong></span> <span class='ocrx_word' id='word_1_74' title='bbox 259 919 435 960; x_wconf 82' lang='lat' dir='ltr'><strong>claritas</strong></span> <span class='ocrx_word' id='word_1_75' title='bbox 463 922 615 977; x_wconf 67' lang='lat' dir='ltr'><strong>⁸qeneri</strong></span> <span class='ocrx_word' id='word_1_76' title='bbox 642 936 727 961; x_wconf 83' lang='lat' dir='ltr'><strong>non</strong></span> <span class='ocrx_word' id='word_1_77' title='bbox 757 918 843 977; x_wconf 74' lang='lat' dir='ltr'><strong>fuit</strong></span> <span class='ocrx_word' id='word_1_78' title='bbox 874 921 1020 974; x_wconf 78' lang='lat' dir='ltr'><strong>alicui,</strong></span> <span class='ocrx_word' id='word_1_79' title='bbox 1054 936 1170 962; x_wconf 80' lang='lat' dir='ltr'><strong>anno</strong></span> <span class='ocrx_word' id='word_1_80' title='bbox 1199 918 1286 977; x_wconf 77' lang='lat' dir='ltr'><strong>fuit</strong></span> <span class='ocrx_word' id='word_1_81' title='bbox 1315 921 1505 962; x_wconf 80' lang='lat' dir='ltr'><strong>omnium</strong></span> <span class='ocrx_word' id='word_1_82' title='bbox 1532 936 1600 977; x_wconf 79' lang='lat' dir='ltr'><strong>qe-</strong></span> 
     </span>
    </p>
   </div>
   <div class='ocr_carea' id='block_1_5' title="bbox 179 996 704 1041">
    <p class='ocr_par' dir='ltr' id='par_1_5' title="bbox 179 996 704 1041">
     <span class='ocr_line' id='line_1_12' title="bbox 179 996 704 1041; baseline 0.008 -4"><span class='ocrx_word' id='word_1_83' title='bbox 179 1011 333 1038; x_wconf 81' lang='lat' dir='ltr'><strong>nerum</strong></span> <span class='ocrx_word' id='word_1_84' title='bbox 360 996 595 1039; x_wconf 81' lang='lat' dir='ltr'><strong>bonitate</strong></span> <span class='ocrx_word' id='word_1_85' title='bbox 627 999 704 1041; x_wconf 82' lang='lat' dir='ltr'><strong>rel.</strong></span> 
     </span>
    </p>
   </div>
   <div class='ocr_carea' id='block_1_6' title="bbox 188 1122 1704 1280">
    <p class='ocr_par' dir='ltr' id='par_1_6' title="bbox 188 1122 1704 1280">
     <span class='ocr_line' id='line_1_13' title="bbox 726 1122 1704 1184; baseline 0.002 -14"><span class='ocrx_word' id='word_1_86' title='bbox 726 1122 788 1170; x_wconf 84' lang='lat'><strong>62</strong></span> <span class='ocrx_word' id='word_1_87' title='bbox 809 1142 861 1165; x_wconf 93' lang='lat'>=</span> <span class='ocrx_word' id='word_1_88' title='bbox 880 1123 926 1184; x_wconf 87' lang='lat'><strong>6,</strong></span> <span class='ocrx_word' id='word_1_89' title='bbox 946 1122 993 1171; x_wconf 89' lang='grc'><strong>8.</strong></span> <span class='ocrx_word' id='word_1_90' title='bbox 1622 1139 1704 1182; x_wconf 76' lang='lat'><strong>235</strong></span> 
     </span>
     <span class='ocr_line' id='line_1_14' title="bbox 188 1212 1599 1280; baseline 0.003 -18"><span class='ocrx_word' id='word_1_91' title='bbox 188 1212 448 1263; x_wconf 86' lang='lat' dir='ltr'><strong>Exolescit</strong></span> <span class='ocrx_word' id='word_1_92' title='bbox 475 1214 568 1262; x_wconf 86' lang='lat' dir='ltr'><strong>hoc</strong></span> <span class='ocrx_word' id='word_1_93' title='bbox 599 1230 794 1279; x_wconf 91' lang='lat' dir='ltr'><strong>quoque</strong></span> <span class='ocrx_word' id='word_1_94' title='bbox 826 1214 996 1279; x_wconf 85' lang='lat' dir='ltr'><strong>copiae</strong></span> <span class='ocrx_word' id='word_1_95' title='bbox 1027 1215 1189 1279; x_wconf 88' lang='lat' dir='ltr'><strong>potius</strong></span> <span class='ocrx_word' id='word_1_96' title='bbox 1221 1231 1363 1280; x_wconf 85' lang='lat' dir='ltr'><strong>quam</strong></span> <span class='ocrx_word' id='word_1_97' title='bbox 1398 1218 1599 1266; x_wconf 85' lang='lat' dir='ltr'><strong>bonitati</strong></span> 
     </span>
    </p>
   </div>
   <div class='ocr_carea' id='block_1_7' title="bbox 119 1306 1595 1530">
    <p class='ocr_par' dir='ltr' id='par_1_7' title="bbox 119 1306 1595 1530">
     <span class='ocr_line' id='line_1_15' title="bbox 185 1306 532 1354; baseline 0 0"><span class='ocrx_word' id='word_1_98' title='bbox 185 1306 532 1354; x_wconf 86' lang='lat' dir='ltr'><strong>studentium.</strong></span> 
     </span>
     <span class='ocr_line' id='line_1_16' title="bbox 232 1394 1595 1452; baseline 0.002 -16"><span class='ocrx_word' id='word_1_99' title='bbox 232 1394 375 1436; x_wconf 84' lang='lat' dir='ltr'><strong>Recte</strong></span> <span class='ocrx_word' id='word_1_100' title='bbox 415 1394 609 1449; x_wconf 83' lang='lat' dir='ltr'><strong>Silligius</strong></span> <span class='ocrx_word' id='word_1_101' title='bbox 644 1408 801 1436; x_wconf 89' lang='lat' dir='ltr'><strong>vocem</strong></span> <span class='ocrx_word' id='word_1_102' title='bbox 841 1395 1032 1436; x_wconf 83' lang='lat' dir='ltr'><strong>ultimam</strong></span> <span class='ocrx_word' id='word_1_103' title='bbox 1080 1394 1294 1450; x_wconf 81' lang='lat' dir='ltr'><strong>explicari</strong></span> <span class='ocrx_word' id='word_1_104' title='bbox 1334 1411 1421 1437; x_wconf 89' lang='lat' dir='ltr'><strong>non</strong></span> <span class='ocrx_word' id='word_1_105' title='bbox 1459 1412 1595 1452; x_wconf 89' lang='lat' dir='ltr'><strong>posse</strong></span> 
     </span>
     <span class='ocr_line' id='line_1_17' title="bbox 119 1472 1592 1530; baseline 0.003 -16"><span class='ocrx_word' id='word_1_106' title='bbox 119 1474 359 1523; x_wconf 76' lang='lat' dir='ltr'><strong>contendit,</strong></span> <span class='ocrx_word' id='word_1_107' title='bbox 389 1481 661 1529; x_wconf 85' lang='lat' dir='ltr'><strong>quapropter</strong></span> <span class='ocrx_word' id='word_1_108' title='bbox 695 1487 793 1514; x_wconf 92' lang='lat' dir='ltr'><strong>cum</strong></span> <span class='ocrx_word' id='word_1_109' title='bbox 822 1472 1111 1528; x_wconf 83' lang='lat' dir='ltr'><strong>Dalecampio</strong></span> <span class='ocrx_word' id='word_1_110' title='bbox 1143 1473 1267 1530; x_wconf 82' lang='lat' dir='ltr'><strong>culpa</strong></span> <span class='ocrx_word' id='word_1_111' title='bbox 1298 1475 1445 1530; x_wconf 82' lang='lat' dir='ltr'><strong>copiae</strong></span> <span class='ocrx_word' id='word_1_112' title='bbox 1472 1476 1592 1530; x_wconf 86' lang='lat' dir='ltr'><strong>legit.</strong></span> 
     </span>
    </p>
   </div>
   <div class='ocr_carea' id='block_1_8' title="bbox 117 1552 1592 1686">
    <p class='ocr_par' dir='ltr' id='par_1_8' title="bbox 117 1552 1592 1686">
     <span class='ocr_line' id='line_1_18' title="bbox 118 1552 1592 1610; baseline 0.001 -16"><span class='ocrx_word' id='word_1_113' title='bbox 118 1553 208 1595; x_wconf 89' lang='lat' dir='ltr'><strong>Sed</strong></span> <span class='ocrx_word' id='word_1_114' title='bbox 240 1552 411 1595; x_wconf 85' lang='lat' dir='ltr'><strong>facilius</strong></span> <span class='ocrx_word' id='word_1_115' title='bbox 440 1553 672 1608; x_wconf 90' lang='lat' dir='ltr'><strong>leniusque</strong></span> <span class='ocrx_word' id='word_1_116' title='bbox 701 1553 922 1596; x_wconf 87' lang='lat' dir='ltr'><strong>scribetur</strong></span> <span class='ocrx_word' id='word_1_117' title='bbox 947 1552 1230 1594; x_wconf 80' lang='lat' dir='ltr'><strong>studentibus.</strong></span> <span class='ocrx_word' id='word_1_118' title='bbox 1278 1554 1324 1594; x_wconf 88' lang='lat' dir='ltr'><strong>ln</strong></span> <span class='ocrx_word' id='word_1_119' title='bbox 1347 1553 1592 1610; x_wconf 81' lang='lat' dir='ltr'><strong>archetypo</strong></span> 
     </span>
     <span class='ocr_line' id='line_1_19' title="bbox 117 1624 1592 1686; baseline 0.002 -14"><span class='ocrx_word' id='word_1_120' title='bbox 117 1632 229 1672; x_wconf 88' lang='lat' dir='ltr'><strong>enim</strong></span> <span class='ocrx_word' id='word_1_121' title='bbox 250 1645 273 1673; x_wconf 89' lang='lat' dir='ltr'><strong>e</strong></span> <span class='ocrx_word' id='word_1_122' title='bbox 290 1645 328 1673; x_wconf 85' lang='lat' dir='ltr'><strong>v.</strong></span> <span class='ocrx_word' id='word_1_123' title='bbox 346 1624 559 1682; x_wconf 60' lang='lat' dir='ltr'><strong>s‘rvn—n&#39;rm3</strong></span> <span class='ocrx_word' id='word_1_124' title='bbox 591 1632 722 1673; x_wconf 86' lang='lat' dir='ltr'><strong>solita</strong></span> <span class='ocrx_word' id='word_1_125' title='bbox 739 1631 983 1672; x_wconf 85' lang='lat' dir='ltr'><strong>litterarum</strong></span> <span class='ocrx_word' id='word_1_126' title='bbox 1013 1646 1033 1671; x_wconf 79' lang='grc' dir='ltr'><strong>Β</strong></span> <span class='ocrx_word' id='word_1_127' title='bbox 1054 1639 1095 1672; x_wconf 92' lang='lat' dir='ltr'><strong>et</strong></span> <span class='ocrx_word' id='word_1_128' title='bbox 1123 1646 1144 1670; x_wconf 84' lang='lat' dir='ltr'>v</span> <span class='ocrx_word' id='word_1_129' title='bbox 1177 1634 1498 1686; x_wconf 84' lang='lat' dir='ltr'><strong>permutatione</strong></span> <span class='ocrx_word' id='word_1_130' title='bbox 1524 1633 1592 1675; x_wconf 80' lang='lat' dir='ltr'><strong>sa-</strong></span> 
     </span>
    </p>
   </div>
   <div class='ocr_carea' id='block_1_9' title="bbox 116 1702 1695 1979">
    <p class='ocr_par' dir='ltr' id='par_1_9' title="bbox 116 1702 1695 1979">
     <span class='ocr_line' id='line_1_20' title="bbox 116 1702 674 1752; baseline 0.002 -3"><span class='ocrx_word' id='word_1_131' title='bbox 116 1718 233 1751; x_wconf 90' lang='lat' dir='ltr'><strong>ctum</strong></span> <span class='ocrx_word' id='word_1_132' title='bbox 264 1710 436 1752; x_wconf 87' lang='lat' dir='ltr'><strong>videtur</strong></span> <span class='ocrx_word' id='word_1_133' title='bbox 467 1702 674 1751; x_wconf 57' lang='grc' dir='ltr'><strong>ετνυῖτιῖ.</strong></span> 
     </span>
     <span class='ocr_line' id='line_1_21' title="bbox 679 1811 1695 1875; baseline -0.001 -16"><span class='ocrx_word' id='word_1_134' title='bbox 679 1812 742 1859; x_wconf 77' lang='grc'><strong>72</strong></span> <span class='ocrx_word' id='word_1_135' title='bbox 762 1836 812 1856; x_wconf 87' lang='lat'>=</span> <span class='ocrx_word' id='word_1_136' title='bbox 831 1811 1028 1859; x_wconf 91' lang='lat' dir='ltr'><strong>ibidem.</strong></span> <span class='ocrx_word' id='word_1_137' title='bbox 1616 1833 1695 1875; x_wconf 73' lang='lat'><strong>&lt;237</strong></span> 
     </span>
     <span class='ocr_line' id='line_1_22' title="bbox 185 1912 1591 1979; baseline 0.003 -17"><span class='ocrx_word' id='word_1_138' title='bbox 185 1944 241 1951; x_wconf 86' lang='lat'>—</span> <span class='ocrx_word' id='word_1_139' title='bbox 269 1915 330 1962; x_wconf 90' lang='lat' dir='ltr'><strong>de</strong></span> <span class='ocrx_word' id='word_1_140' title='bbox 353 1913 527 1979; x_wconf 91' lang='lat' dir='ltr'><strong>quibus</strong></span> <span class='ocrx_word' id='word_1_141' title='bbox 555 1929 823 1962; x_wconf 88' lang='lat' dir='ltr'><strong>consensus</strong></span> <span class='ocrx_word' id='word_1_142' title='bbox 843 1912 950 1961; x_wconf 87' lang='lat' dir='ltr'><strong>aevi</strong></span> <span class='ocrx_word' id='word_1_143' title='bbox 986 1912 1430 1978; x_wconf 84' lang='lat' dir='ltr'><strong>iudicaverint,</strong></span> <span class='ocrx_word' id='word_1_144' title='bbox 1468 1917 1591 1966; x_wconf 84' lang='lat' dir='ltr'><strong>haec</strong></span> 
     </span>
    </p>
   </div>
   <div class='ocr_carea' id='block_1_10' title="bbox 112 2012 1590 2543">
    <p class='ocr_par' dir='ltr' id='par_1_10' title="bbox 181 2012 312 2053">
     <span class='ocr_line' id='line_1_23' title="bbox 181 2012 312 2053; baseline 0.015 -2"><span class='ocrx_word' id='word_1_145' title='bbox 181 2012 312 2053; x_wconf 82' lang='lat' dir='ltr'><strong>sunt.</strong></span> 
     </span>
    </p>

    <p class='ocr_par' dir='ltr' id='par_1_11' title="bbox 112 2093 1590 2543">
     <span class='ocr_line' id='line_1_24' title="bbox 227 2093 1588 2150; baseline 0.003 -15"><span class='ocrx_word' id='word_1_146' title='bbox 227 2095 367 2137; x_wconf 89' lang='lat' dir='ltr'><strong>Unius</strong></span> <span class='ocrx_word' id='word_1_147' title='bbox 399 2094 496 2136; x_wconf 84' lang='lat' dir='ltr'><strong>aevi</strong></span> <span class='ocrx_word' id='word_1_148' title='bbox 522 2108 635 2135; x_wconf 89' lang='lat' dir='ltr'><strong>unus</strong></span> <span class='ocrx_word' id='word_1_149' title='bbox 668 2108 916 2136; x_wconf 89' lang='lat' dir='ltr'><strong>consensus</strong></span> <span class='ocrx_word' id='word_1_150' title='bbox 950 2102 1040 2136; x_wconf 89' lang='lat' dir='ltr'><strong>est:</strong></span> <span class='ocrx_word' id='word_1_151' title='bbox 1070 2095 1218 2149; x_wconf 81' lang='lat' dir='ltr'><strong>itaque</strong></span> <span class='ocrx_word' id='word_1_152' title='bbox 1245 2093 1479 2150; x_wconf 81' lang='lat' dir='ltr'><strong>legendum</strong></span> <span class='ocrx_word' id='word_1_153' title='bbox 1510 2099 1588 2138; x_wconf 82' lang='lat' dir='ltr'><strong>iu-</strong></span> 
     </span>
     <span class='ocr_line' id='line_1_25' title="bbox 113 2173 1590 2233; baseline 0.005 -20"><span class='ocrx_word' id='word_1_154' title='bbox 113 2173 390 2215; x_wconf 81' lang='lat' dir='ltr'><strong>dicaverit.</strong></span> <span class='ocrx_word' id='word_1_155' title='bbox 424 2174 630 2216; x_wconf 88' lang='lat' dir='ltr'><strong>Ceterum</strong></span> <span class='ocrx_word' id='word_1_156' title='bbox 649 2189 764 2230; x_wconf 82' lang='lat' dir='ltr'><strong>quae</strong></span> <span class='ocrx_word' id='word_1_157' title='bbox 783 2175 1012 2230; x_wconf 86' lang='lat' dir='ltr'><strong>praecedit</strong></span> <span class='ocrx_word' id='word_1_158' title='bbox 1034 2175 1248 2227; x_wconf 84' lang='lat' dir='ltr'><strong>narratio,</strong></span> <span class='ocrx_word' id='word_1_159' title='bbox 1270 2189 1296 2216; x_wconf 87' lang='lat' dir='ltr'><strong>a</strong></span> <span class='ocrx_word' id='word_1_160' title='bbox 1315 2176 1484 2233; x_wconf 84' lang='lat' dir='ltr'><strong>Silligio</strong></span> <span class='ocrx_word' id='word_1_161' title='bbox 1501 2193 1590 2221; x_wconf 90' lang='lat' dir='ltr'><strong>non</strong></span> 
     </span>
     <span class='ocr_line' id='line_1_26' title="bbox 114 2251 1590 2313; baseline 0.006 -22"><span class='ocrx_word' id='word_1_162' title='bbox 114 2251 348 2302; x_wconf 88' lang='lat' dir='ltr'><strong>intellecta,</strong></span> <span class='ocrx_word' id='word_1_163' title='bbox 378 2253 438 2293; x_wconf 87' lang='lat' dir='ltr'><strong>ita</strong></span> <span class='ocrx_word' id='word_1_164' title='bbox 463 2260 531 2294; x_wconf 89' lang='lat' dir='ltr'><strong>est</strong></span> <span class='ocrx_word' id='word_1_165' title='bbox 552 2252 833 2307; x_wconf 82' lang='lat' dir='ltr'><strong>explicanda.</strong></span> <span class='ocrx_word' id='word_1_166' title='bbox 871 2252 1079 2295; x_wconf 89' lang='lat' dir='ltr'><strong>Libertus</strong></span> <span class='ocrx_word' id='word_1_167' title='bbox 1103 2255 1175 2309; x_wconf 89' lang='lat' dir='ltr'><strong>qui</strong></span> <span class='ocrx_word' id='word_1_168' title='bbox 1195 2254 1387 2309; x_wconf 85' lang='lat' dir='ltr'><strong>palatum</strong></span> <span class='ocrx_word' id='word_1_169' title='bbox 1399 2257 1590 2313; x_wconf 83' lang='lat' dir='ltr'><strong>Augusti</strong></span> 
     </span>
     <span class='ocr_line' id='line_1_27' title="bbox 114 2331 1587 2391; baseline 0.006 -21"><span class='ocrx_word' id='word_1_170' title='bbox 114 2331 288 2384; x_wconf 87' lang='lat' dir='ltr'><strong>penitus</strong></span> <span class='ocrx_word' id='word_1_171' title='bbox 317 2338 487 2382; x_wconf 75' lang='lat' dir='ltr'><strong>nosset,</strong></span> <span class='ocrx_word' id='word_1_172' title='bbox 514 2331 677 2385; x_wconf 85' lang='lat' dir='ltr'><strong>hospiti</strong></span> <span class='ocrx_word' id='word_1_173' title='bbox 709 2331 839 2380; x_wconf 76' lang='lat' dir='ltr'><strong>dixit,</strong></span> <span class='ocrx_word' id='word_1_174' title='bbox 869 2331 951 2372; x_wconf 87' lang='lat' dir='ltr'><strong>sibi</strong></span> <span class='ocrx_word' id='word_1_175' title='bbox 984 2332 1158 2386; x_wconf 88' lang='lat' dir='ltr'><strong>quidem</strong></span> <span class='ocrx_word' id='word_1_176' title='bbox 1187 2333 1333 2375; x_wconf 73' lang='lat' dir='ltr'><strong>vinum</strong></span> <span class='ocrx_word' id='word_1_177' title='bbox 1365 2337 1482 2391; x_wconf 91' lang='lat' dir='ltr'><strong>quod</strong></span> <span class='ocrx_word' id='word_1_178' title='bbox 1513 2351 1587 2378; x_wconf 86' lang='lat' dir='ltr'><strong>ex-</strong></span> 
     </span>
     <span class='ocr_line' id='line_1_28' title="bbox 112 2407 1588 2470; baseline 0.005 -21"><span class='ocrx_word' id='word_1_179' title='bbox 112 2409 367 2458; x_wconf 80' lang='lat' dir='ltr'><strong>hibebatur,</strong></span> <span class='ocrx_word' id='word_1_180' title='bbox 406 2422 568 2449; x_wconf 87' lang='lat' dir='ltr'><strong>novum</strong></span> <span class='ocrx_word' id='word_1_181' title='bbox 600 2417 643 2450; x_wconf 91' lang='lat' dir='ltr'><strong>et</strong></span> <span class='ocrx_word' id='word_1_182' title='bbox 672 2407 863 2463; x_wconf 82' lang='lat' dir='ltr'><strong>ignobile</strong></span> <span class='ocrx_word' id='word_1_183' title='bbox 893 2408 1054 2459; x_wconf 76' lang='lat' dir='ltr'><strong>videri,</strong></span> <span class='ocrx_word' id='word_1_184' title='bbox 1086 2411 1165 2451; x_wconf 88' lang='lat' dir='ltr'><strong>sed</strong></span> <span class='ocrx_word' id='word_1_185' title='bbox 1200 2411 1410 2455; x_wconf 85' lang='lat' dir='ltr'><strong>Caesaris</strong></span> <span class='ocrx_word' id='word_1_186' title='bbox 1443 2417 1588 2470; x_wconf 85' lang='lat' dir='ltr'><strong>gustui</strong></span> 
     </span>
     <span class='ocr_line' id='line_1_29' title="bbox 113 2485 1446 2543; baseline 0.005 -15"><span class='ocrx_word' id='word_1_187' title='bbox 113 2498 199 2528; x_wconf 82' lang='lat' dir='ltr'><strong>tam</strong></span> <span class='ocrx_word' id='word_1_188' title='bbox 233 2487 610 2529; x_wconf 82' lang='lat' dir='ltr'><strong>accommodatum</strong></span> <span class='ocrx_word' id='word_1_189' title='bbox 644 2494 690 2527; x_wconf 90' lang='lat' dir='ltr'><strong>ut</strong></span> <span class='ocrx_word' id='word_1_190' title='bbox 726 2486 798 2527; x_wconf 89' lang='lat' dir='ltr'><strong>ille</strong></span> <span class='ocrx_word' id='word_1_191' title='bbox 828 2500 917 2528; x_wconf 91' lang='lat' dir='ltr'><strong>non</strong></span> <span class='ocrx_word' id='word_1_192' title='bbox 948 2485 1063 2529; x_wconf 84' lang='lat' dir='ltr'><strong>aliud</strong></span> <span class='ocrx_word' id='word_1_193' title='bbox 1094 2497 1280 2543; x_wconf 85' lang='lat' dir='ltr'><strong>poturus</strong></span> <span class='ocrx_word' id='word_1_194' title='bbox 1312 2500 1446 2534; x_wconf 90' lang='lat' dir='ltr'><strong>esset.</strong></span> 
     </span>
    </p>
   </div>
   <div class='ocr_carea' id='block_1_11' title="bbox 677 2598 1691 2671">
    <p class='ocr_par' dir='ltr' id='par_1_12' title="bbox 677 2598 1691 2671">
     <span class='ocr_line' id='line_1_30' title="bbox 677 2598 1691 2671; baseline 0.003 -25"><span class='ocrx_word' id='word_1_195' title='bbox 677 2598 744 2646; x_wconf 84' lang='lat'><strong>86</strong></span> <span class='ocrx_word' id='word_1_196' title='bbox 762 2622 813 2643; x_wconf 84' lang='lat'>=</span> <span class='ocrx_word' id='word_1_197' title='bbox 835 2599 914 2660; x_wconf 84' lang='lat'><strong>10,</strong></span> <span class='ocrx_word' id='word_1_198' title='bbox 940 2600 1017 2647; x_wconf 84' lang='lat'><strong>12.</strong></span> <span class='ocrx_word' id='word_1_199' title='bbox 1609 2629 1691 2671; x_wconf 68' lang='lat'><strong>238</strong></span> 
     </span>
    </p>
   </div>
   <div class='ocr_carea' id='block_1_12' title="bbox 180 2699 1586 2950">
    <p class='ocr_par' dir='ltr' id='par_1_13' title="bbox 180 2699 1586 2950">
     <span class='ocr_line' id='line_1_31' title="bbox 180 2699 1586 2769; baseline 0.006 -22"><span class='ocrx_word' id='word_1_200' title='bbox 180 2699 302 2748; x_wconf 82' lang='lat' dir='ltr'><strong>Tria</strong></span> <span class='ocrx_word' id='word_1_201' title='bbox 343 2717 512 2748; x_wconf 89' lang='lat' dir='ltr'><strong>eorum</strong></span> <span class='ocrx_word' id='word_1_202' title='bbox 551 2717 756 2764; x_wconf 80' lang='lat' dir='ltr'><strong>genera:</strong></span> <span class='ocrx_word' id='word_1_203' title='bbox 809 2700 997 2749; x_wconf 85' lang='lat' dir='ltr'><strong>decima</strong></span> <span class='ocrx_word' id='word_1_204' title='bbox 1038 2711 1178 2767; x_wconf 86' lang='lat' dir='ltr'><strong>parte</strong></span> <span class='ocrx_word' id='word_1_205' title='bbox 1223 2721 1376 2769; x_wconf 86' lang='lat' dir='ltr'><strong>aquae</strong></span> <span class='ocrx_word' id='word_1_206' title='bbox 1421 2707 1586 2756; x_wconf 83' lang='lat' dir='ltr'><strong>addita</strong></span> 
     </span>
     <span class='ocr_line' id='line_1_32' title="bbox 180 2791 1583 2857; baseline 0.006 -18"><span class='ocrx_word' id='word_1_207' title='bbox 180 2807 305 2855; x_wconf 88' lang='lat' dir='ltr'><strong>quae</strong></span> <span class='ocrx_word' id='word_1_208' title='bbox 342 2791 489 2840; x_wconf 90' lang='lat' dir='ltr'><strong>musti</strong></span> <span class='ocrx_word' id='word_1_209' title='bbox 525 2808 764 2857; x_wconf 83' lang='lat' dir='ltr'><strong>expressa</strong></span> <span class='ocrx_word' id='word_1_210' title='bbox 800 2792 864 2840; x_wconf 88' lang='lat' dir='ltr'><strong>sit</strong></span> <span class='ocrx_word' id='word_1_211' title='bbox 906 2800 955 2841; x_wconf 90' lang='lat' dir='ltr'><strong>et</strong></span> <span class='ocrx_word' id='word_1_212' title='bbox 995 2793 1062 2841; x_wconf 86' lang='lat' dir='ltr'><strong>ita</strong></span> <span class='ocrx_word' id='word_1_213' title='bbox 1097 2801 1242 2843; x_wconf 90' lang='lat' dir='ltr'><strong>nocte</strong></span> <span class='ocrx_word' id='word_1_214' title='bbox 1279 2813 1335 2846; x_wconf 87' lang='lat' dir='ltr'><strong>ac</strong></span> <span class='ocrx_word' id='word_1_215' title='bbox 1372 2798 1452 2847; x_wconf 89' lang='lat' dir='ltr'><strong>die</strong></span> <span class='ocrx_word' id='word_1_216' title='bbox 1488 2814 1583 2847; x_wconf 86' lang='lat' dir='ltr'><strong>ma·</strong></span> 
     </span>
     <span class='ocr_line' id='line_1_33' title="bbox 183 2882 1584 2950; baseline 0.004 -20"><span class='ocrx_word' id='word_1_217' title='bbox 183 2882 389 2932; x_wconf 86' lang='lat' dir='ltr'><strong>defaetis</strong></span> <span class='ocrx_word' id='word_1_218' title='bbox 417 2883 633 2934; x_wconf 82' lang='lat' dir='ltr'><strong>vinaceis</strong></span> <span class='ocrx_word' id='word_1_219' title='bbox 673 2901 945 2949; x_wconf 89' lang='lat' dir='ltr'><strong>rursusque</strong></span> <span class='ocrx_word' id='word_1_220' title='bbox 986 2887 1124 2950; x_wconf 87' lang='lat' dir='ltr'><strong>prelo</strong></span> <span class='ocrx_word' id='word_1_221' title='bbox 1163 2888 1422 2948; x_wconf 80' lang='lat' dir='ltr'><strong>subiectis3</strong></span> <span class='ocrx_word' id='word_1_222' title='bbox 1470 2889 1584 2936; x_wconf 85' lang='lat' dir='ltr'><strong>alte-</strong></span> 
     </span>
    </p>
   </div>
  </div>
 </body>
</html>
