1914 3237
789 188 909 230 Liberv
936 192 1057 231 XXI.
1571 187 1648 230 111

174 320 295 374 ,μετὰ
340 320 501 374 πολλῆς
542 318 782 375 πυρώσεως
820 335 855 359 κ.
886 333 922 358 τ.
952 319 988 360 λ.
1075 317 1169 365 Qua
1210 331 1303 358 cum
1351 317 1474 358 Plinii
1512 316 1650 358 verbis

187 401 431 452 comparata
480 397 656 451 primum
705 395 922 450 Syriacum
968 395 1138 435 iuncum
1189 409 1269 436 non
1317 395 1650 447 commemorari,

187 474 340 516 deinde
379 487 463 514 non
494 473 760 514 Nabataeum
820 471 895 512 sed
940 472 1220 527 Babylonium
1263 472 1466 513 teuchitin
1510 472 1651 513 vocari

186 551 409 605 intelliges
497 550 618 605 Syria
660 554 800 590 autem
850 550 999 591 latiore
1038 563 1165 590 sensu
1216 549 1353 604 priore
1394 550 1520 590 Plinii
1559 550 1650 590 loco

185 627 453 682 intelligitur,
512 628 583 668 ubi
629 627 968 682 Theophrastum
1004 628 1078 668 IX.
1110 628 1135 670 7
1187 631 1402 668 auctorem
1451 628 1652 681 sequitur,

184 710 330 746 nostro
348 705 769 746 locoNabataeorum
800 706 1001 746 finitimae
1020 705 1157 759 gentis
1182 717 1337 745 nomen
1369 705 1406 744 ei
1437 704 1652 745 substitui-

185 787 265 824 tur.
324 784 472 838 Itaque
503 782 682 823 eundem
721 788 946 838 utrumque
985 783 1155 824 iuncum
1200 796 1283 823 non
1315 782 1527 823 diversum
1558 794 1653 821 esse

185 861 398 902 sententia
428 861 499 901 illa
529 874 637 915 quae
668 865 762 914 post
790 861 1106 901 Nabataeorum
1137 872 1290 900 nomen
1320 859 1547 901 inserenda
1576 865 1653 912 est,

185 938 456 993 significatur.
517 939 680 980 Deinde
736 938 932 979 teuchitis
980 938 1222 979 necessario
1277 952 1371 978 cum
1418 937 1653 993 Babylonio

184 1017 307 1056 iunco
345 1017 623 1070 coniungitur.
682 1017 904 1057 Postremo
942 1016 1104 1057 Plinius
1147 1016 1299 1056 sinceri
1338 1016 1460 1070 signa
1503 1030 1653 1070 sapore

184 1093 313 1134 odore
343 1094 483 1134 colore
514 1095 719 1134 contineri
749 1095 931 1137 monuit:
972 1095 1114 1149 itaque
1145 1107 1253 1149 quae
1294 1093 1406 1148 apud
1436 1093 1653 1134 Dioscori-

184 1171 278 1212 dem
309 1176 662 1212 commemoratur
701 1172 980 1225 mordacitas,
1020 1171 1135 1227 apud
1164 1172 1346 1212 Plinium
1385 1172 1532 1212 vinosa
1570 1185 1653 1212 non

184 1254 249 1290 est
289 1249 364 1290 sed
403 1250 608 1290 acerrima
638 1250 662 1290 i.
695 1263 731 1291 e.
763 1251 915 1290 virosa.
975 1250 1126 1290 Totum
1166 1250 1293 1303 igitur
1331 1250 1468 1290 locum
1514 1250 1553 1289 in
1588 1263 1652 1289 ar-

184 1327 364 1382 chetypo
397 1328 607 1368 sententia
637 1342 746 1382 quae
777 1328 829 1368 ad
863 1343 899 1369 v.
931 1331 1180 1369 Nabataeum
1221 1328 1459 1382 pertinebat
1489 1342 1511 1368 e
1542 1341 1652 1368 mar-

183 1406 280 1460 gine
313 1405 366 1446 ad
403 1420 440 1447 v.
472 1410 651 1447 dicemur
682 1406 791 1447 male
830 1407 1035 1448 translata
1068 1416 1309 1460 corruptum
1341 1408 1399 1447 sic
1430 1407 1652 1447 restituen-

183 1484 282 1525 dum
315 1497 409 1525 esse
444 1498 621 1525 censeo:

241 1591 281 1595 --μ
321 1566 511 1604 dicemur.
569 1566 884 1604 Laudatis-simus
913 1577 964 1604 ea·
1003 1567 1235 1614 Nabataea,
1266 1568 1450 1615 quoniam
1489 1589 1529 1592 ·-
1563 1578 1653 1604 nas-

236 1646 359 1693 citur,
398 1645 608 1692 proximus
650 1644 892 1694 Babylonius
938 1646 1169 1692 ‘coynomz'ne
1221 1638 1480 1691 leuc-hilis,
1528 1647 1651 1693 pessi-

240 1735 324 1760 mus
350 1745 398 1748 —
432 1723 577 1760 odore:
608 1734 640 1760 e.
671 1735 707 1760 α.
738 1723 951 1765 rotundus,
983 1726 1143 1761 virosae
1172 1724 1296 1764 mord.
1328 1736 1365 1761 a.
1398 1725 1421 1762 Z.
1454 1721 1528 1778 rel.

294 1798 340 1838 In
373 1799 564 1852 proximo
597 1812 723 1838 sensu
754 1798 884 1839 verba
914 1806 950 1838 et
980 1804 1214 1850 sanquinem
1254 1814 1277 1841 a
1307 1799 1428 1841 codd.
1461 1800 1599 1840 aliena
1630 1814 1652 1839 e

184 1876 437 1917 Dioscoride
468 1876 721 1931 interpolata
751 1880 861 1916 sunt.

432 1970 522 2016 139
545 1960 774 2024 =20,8‘2.
823 1967 912 2026 (de
951 1974 1394 2033 crocomagmate).

250 2083 311 2091 ἡ
353 2055 505 2120 Magis
561 2054 819 2103 excalfacit
857 2071 998 2119 quam
1052 2072 1250 2107 crocum
1289 2059 1472 2123 ipsum;
1528 2058 1653 2122 opti-

245 2159 372 2192 mum
411 2144 542 2208 quod
579 2148 776 2207 gustatu
810 2143 1015 2214 ¹salivam
1056 2146 1330 2209 dentesque
1369 2147 1533 2196 inlicit.

293 2230 496 2271 Codicum
526 2232 775 2285 scripturam
816 2232 883 2286 qui
916 2233 1006 2272 voci
1039 2238 1280 2287 postremae
1322 2238 1447 2285 venais
1479 2234 1648 2288 (VTd)

181 2308 246 2348 vel
278 2313 449 2372 maxime
481 2309 566 2358 (R)
600 2310 889 2364 praemittunt,
920 2310 1128 2351 immerito
1163 2325 1187 2351 a
1207 2311 1294 2354 Sill.
1318 2317 1502 2367 spretam
1525 2314 1649 2352 lanus

181 2390 294 2425 recte
327 2391 496 2426 secutus
533 2392 618 2428 est:
668 2392 844 2428 eatenus
877 2388 928 2428 ab
961 2402 1010 2428 eo
1043 2388 1246 2430 dissentio
1279 2390 1389 2444 quod
1423 2405 1504 2430 non
1537 2390 1647 2430 idem

182 2463 294 2518 quod
337 2464 463 2518 paulo
511 2479 638 2519 supra
670 2466 823 2520 legitur
859 2466 1107 2507 vocabulum
1153 2472 1299 2521 maffl's,
1360 2469 1433 2509 sed
1481 2473 1652 2509 maxime

183 2540 396 2595 (ἰσχυρῶς
426 2542 539 2597 apud
568 2542 712 2584 Diosc.
747 2545 776 2584 Ι.
807 2544 882 2593 QG)
919 2545 1088 2600 recipio.

563 2636 904 2693 145=20,84.
964 2635 1054 2696 (de
1094 2636 1272 2701 polio).

246 2719 384 2770 Polio
422 2720 648 2772 Musaeus
700 2729 747 2771 et
784 2722 1031 2772 Hesiodus
1079 2725 1317 2789 perungui
1358 2726 1551 2787 iubent3
1585 2756 1646 2762 -

244 2808 427 2872 polium
475 2812 665 2859 tractari
710 2841 763 2848 -—
800 2840 860 2858 -τ-
899 2812 1105 2877 portari,
1158 2813 1205 2861 in
1261 2815 1373 2864 vino
1436 2815 1647 2879 decoqui

1678 1975 1760 2018 466

1680 2662 1759 2706 467
