1914 3237
731 143 857 185 liber
888 143 1003 188 VII.
1522 140 1603 183 129

190 268 237 315 in
281 267 466 326 subito,
513 267 653 314 tarde
702 274 751 314 et
788 275 1029 330 tamquam
1075 267 1123 315 in
1162 267 1446 332 exsequiaS,
1494 281 1603 314 cum

192 357 453 405 resistendi
523 362 986 418 sacroquesanctum
1050 357 1321 420 repellendi
1376 357 1452 405 ius
1508 372 1604 404 non

194 456 342 508 esset,
379 446 571 495 virtutis
616 462 734 493 suae
772 462 923 510 opera
961 453 1011 493 et
1058 463 1297 494 censurae
1334 447 1602 511 periturus,

193 555 337 601 aegre
382 536 574 583 tribuno
624 535 704 599 qui
747 535 1081 583 intercederet
1121 543 1321 600 reperto
1369 552 1396 583 a
1441 536 1604 584 limine

192 629 298 693 ipso
338 627 506 675 mortis
544 635 832 686 revocatus3
869 627 1026 674 alieno
1060 626 1301 674 beneficio
1333 631 1506 690 postea
1537 624 1604 672 vi-

192 718 264 766 xit
287 717 422 765 bonis
445 718 557 765 inde
589 717 732 764 etiam
774 716 1074 764 consecratis
1114 733 1141 763 a
1175 717 1457 764 damnato
1497 732 1603 775 suo,

194 817 435 872 tamquam
481 824 649 871 parum
696 815 829 854 esset
864 807 1076 854 saucium
1119 814 1252 855 reste
1295 806 1603 866 intortarum,

192 898 419 963 expressi
441 915 531 962 per
552 915 695 946 aures
720 898 967 962 sanguinis
983 915 1145 963 poena
1159 916 1202 946 m
1226 907 1457 946 exactam
1476 914 1602 945 esse.

233 989 297 1029 Ita
329 988 474 1029 locum
502 989 755 1043 impeditum
789 996 831 1030 et
861 989 957 1030 sine
988 989 1118 1030 (lubio
1137 997 1390 1042 corruptum
1410 985 1606 1028 exhibuit

124 1069 319 1122 Silligius
359 1067 517 1122 partim
556 1082 580 1108 e
620 1069 846 1109 veteribus
884 1068 1100 1123 exemplis
1145 1069 1304 1122 partim
1347 1081 1372 1108 e
1411 1066 1604 1106 virorum

125 1148 356 1188 doctorum
385 1147 638 1188 coniectura
669 1147 953 1197 immutatum,
987 1154 1030 1187 et
1061 1154 1275 1200 corrupta
1304 1145 1477 1200 quidem
1501 1157 1605 1184 esse

124 1228 261 1268 verba
305 1242 330 1266 a
361 1226 567 1266 dmnnato
603 1240 680 1266 suo
714 1235 835 1267 recte
874 1226 1109 1275 iudicavit2
1155 1225 1313 1279 quibus
1352 1223 1604 1264 narduinus

124 1315 279 1347 contra
300 1305 476 1359 linguae
500 1305 624 1359 leges
655 1304 903 1358 „hominem
925 1305 979 1344 ab
997 1304 1094 1358 ipso
1115 1303 1398 1343 (Ῑὶιιιιιιῑιῑηηϋς
1422 1302 1606 1343 indicari

123 1384 339 1438 voluerat,
370 1392 536 1424 rectam
569 1397 676 1423 vero
708 1382 972 1423 emendandi
1000 1382 1116 1422 viam
1147 1396 1234 1422 non
1269 1388 1336 1422 est
1358 1382 1605 1436 ingressus.

122 1464 233 1504 Nam
265 1463 458 1504 ultimum
491 1463 760 1503 enuntiatum
792 1463 831 1503 in
866 1463 1043 1516 optimis
1073 1462 1303 1502 codicibus
1334 1461 1479 1504 eRTd
1511 1460 1605 1502 fere

122 1542 182 1582 ita
218 1542 427 1595 scriptum
456 1539 635 1596 legitur:
671 1541 899 1597 san-quinis
924 1555 1063 1595 poena
1093 1547 1249 1580 exacta
1280 1546 1343 1580 est
1379 1539 1477 1592 (Rd
1505 1553 1605 1594 poe-

123 1634 207 1659 nae
238 1626 394 1660 exacta
425 1626 557 1672 esset,
594 1619 629 1660 T
657 1635 797 1675 poena
827 1625 982 1659 exacta
1010 1621 1149 1671 esset)
1187 1634 1324 1660 sensu
1361 1618 1606 1673 aptissimo,

124 1705 170 1738 ut
207 1705 330 1738 recte
373 1704 524 1750 spreta
563 1704 717 1737 vetere
759 1696 951 1738 lectione
994 1698 1225 1751 recepisse
1259 1698 1461 1739 videatur
1491 1695 1608 1738 Har-

126 1776 298 1816 «tainus.
358 1775 471 1822 Quid
510 1776 622 1816 enim
664 1777 844 1829 gravius
883 1777 969 1817 dici
1008 1778 1146 1831 potuit
1183 1785 1257 1818 aut
1287 1777 1607 1833 significantius

125 1869 253 1909 quam
287 1863 372 1896 tam
405 1854 626 1896 infelicem
664 1854 802 1898 fuisse
838 1855 1075 1907 Metellum,
1112 1865 1158 1898 ut
1196 1872 1284 1898 non
1324 1857 1524 1897 iniuriam
1564 1856 1607 1896 in

125 1935 388 1975 adversario
428 1932 740 1983 ulcisceretur,
781 1934 860 1974 scd
901 1934 997 1988 ipse
1030 1934 1212 1976 iniuriae
1247 1942 1464 1989 acceptae
1497 1949 1608 1989 poe-

126 2028 226 2054 nam
253 2014 396 2055 lueret
428 2013 555 2053 bonis
587 2014 894 2065 consecratis,
933 2022 1151 2069 tamquam
1185 2028 1339 2069 parum
1370 2021 1492 2055 esset
1519 2013 1609 2055 illa-

124 2102 212 2134 tum
251 2091 481 2132 damnum‘.2
553 2092 681 2139 Quod
717 2105 804 2132 una
844 2091 1017 2146 syllaba
1057 2092 1197 2132 eiecta
1229 2106 1390 2133 revera
1424 2092 1608 2133 Plinium

127 2172 292 2214 dixisse
319 2171 565 2226 apparebit.
606 2171 898 2212 Scribendnen
933 2171 1046 2211 enim
1075 2184 1240 2211 censeo
1272 2172 1313 2211 in
1339 2172 1550 2225 proximis
1582 2187 1608 2210 α

126 2250 283 2290 damno
300 2264 376 2289 suo
397 2251 418 2290 i.
432 2264 468 2291 e.
489 2257 589 2304 post
609 2249 804 2289 iniuriam
828 2248 1036 2289 membris
1057 2247 1193 2290 laesis
1213 2257 1461 2303 acceptam,
1479 2264 1607 2304 quam

127 2344 150 2370 e
169 2330 268 2385 lege
283 2329 459 2384 Aquilia
489 2338 576 2370 tum
608 2328 820 2383 temporis
848 2328 942 2369 sine
975 2329 1104 2369 «lubio
1135 2329 1219 2369 iam
1237 2330 1414 2383 vigente
1433 2330 1607 2370 actione

129 2416 250 2449 certe
286 2408 326 2447 in
360 2421 451 2447 rem
487 2406 575 2447 utili
617 2406 827 2447 vindicari
862 2407 1065 2460 ¹potuisse
1097 2406 1312 2461 Ulpianus
1353 2416 1510 2449 auctor
1541 2416 1609 2449 est

128 2487 154 2526 l.
170 2485 229 2528 13.
245 2485 370 2539 pr.D.
387 2485 442 2525 ad
461 2484 835 2540 leg.Aqui1.lX.·2.
861 2485 1196 2540 Praepositione
1217 2488 1327 2527 enim
1348 2503 1373 2526 a
1392 2488 1608 2528 interdum

127 2566 259 2607 utitur
282 2565 445 2605 Plinius
465 2577 517 2605 ea
532 2564 590 2618 vi,
610 2579 695 2620 qna
712 2565 845 2620 vulgo
862 2572 954 2620 post
971 2574 1226 2619 usurpatur,
1244 2566 1551 2606 cf.XXV1.70.
1567 2573 1610 2606 et

128 2645 357 2688 indflard.
387 2643 677 2685 H.l.s0rtasse
695 2657 791 2684 curn
813 2657 848 2683 v.
865 2643 966 2683 inde
984 2650 1051 2684 est
1069 2643 1390 2698 coniungenda.
1422 2644 1610 2700 Reliqua

132 2724 256 2764 aliter
275 2731 400 2764 erunt
417 2721 780 2775 interpungcinla.
801 2721 959 2762 Tribus
979 2721 1089 2762 enim
1107 2722 1230 2763 malis
1244 2723 1470 2764 Metellum
1489 2723 1609 2765 labo-

129 2814 257 2842 rasse
283 2808 438 2842 contra
454 2799 793 2843 Valalaxxn.
816 2800 851 2840 l.
869 2799 902 2842 1.
925 2800 1156 2854 disputans
1182 2803 1400 2853 narravit,
1425 2803 1610 2858 primum

1295 2881 1322 2922 9
