1914 3237
252 142 333 186 252
806 148 923 188 Liber
948 150 1082 190 XXX
1088 151 1178 191 VII.

319 282 460 335 rotaS,
505 277 638 327 multi
677 278 885 329 Veneris
920 296 1113 346 genam,
1153 282 1301 346 [quod
1339 283 1545 332 maxime
1584 283 1719 334 vide-

320 371 392 413 tur
429 366 609 416 decere
648 373 695 416 et
730 369 898 433 specie
935 374 982 418 et
1019 370 1185 420 colore
1223 379 1481 436 gemmae].

361 465 538 507 Variant
566 467 609 507 in
641 469 839 510 extremis
877 469 1016 511 verbis
1048 470 1215 512 codices
1248 470 1503 523 deteriores,
1541 484 1718 527 quorum

251 543 488 584 dissensum
514 543 745 587 diiudicare
771 547 1042 602 supersedeo,
1074 548 1272 604 quoniam
1308 553 1440 590 totam
1465 550 1718 591 sententiam

250 635 274 662 a
305 621 339 661 B
369 626 483 663 recte
515 623 649 664 omitti
683 624 827 677 video,
873 625 924 666 ab
968 626 1151 682 eleganti
1181 626 1351 668 homine
1381 627 1605 682 insertam,
1651 629 1717 670 cui

249 699 428 742 Veneris
458 700 724 755 pulchritudo
755 717 856 758 prae
886 705 1026 759 pueris
1058 705 1322 760 probaretur.

139 805 220 850 856
585 815 676 862 130
711 835 754 852 =
779 817 902 872 9‚46.
949 815 1036 875 (de
1075 816 1389 881 paederote).

317 900 534 964 proxima
569 901 615 949 in
653 902 905 967 Aegypt0‚
945 903 1022 953 nbi
1066 904 1241 953 tenites

249 1003 315 1040 ubi
350 1005 496 1041 sennes
526 1000 868 1043 Vindobonensis
910 1008 952 1044 et
994 1003 1277 1059 Pollingensis
1308 1004 1364 1058 P,
1424 1005 1466 1045 in
1497 1004 1532 1045 B
1563 1004 1717 1046 omitti-

248 1084 333 1132 tur,
365 1079 407 1119 in
438 1079 576 1120 indice
607 1084 748 1121 autem
779 1080 962 1122 dilucide
992 1082 1186 1123 scribitur
1217 1064 1326 1123 εἶπε
1354 1087 1574 1136 syenites
1603 1082 1716 1125 haud

249 1157 376 1198 dubie
406 1158 534 1212 igitur
561 1158 849 1213 recipiendum
884 1165 948 1201 est
979 1164 1077 1201 uhi:
1108 1164 1225 1212 yeni
1235 1169 1319 1203 tes.

138 1259 219 1303 857
652 1263 960 1320 132=9‚48.
1013 1262 1103 1322 (de
1140 1263 1336 1323 astrio).

313 1346 553 1413 Optimam
589 1349 635 1397 in
662 1348 914 1399 Carmania
947 1351 1084 1416 gigni
1123 1351 1288 1400 dicunt
1311 1368 1397 1411 ——3
1438 1349 1713 1398 cerauniam

316 1437 479 1486 vocari
516 1451 641 1501 quae
694 1438 754 1486 sit
800 1438 1035 1500 deteri0r3
1092 1439 1352 1504 pessimam
1392 1438 1715 1487 lanternarum

313 1524 476 1573 lumini
513 1525 734 1575 similem.

328 1625 364 1666 B
395 1630 512 1666 eliam
538 1629 700 1679 vocari,
738 1626 853 1668 idem
885 1633 927 1668 et
957 1627 990 1668 P
1016 1626 1042 1668 d
1071 1626 1098 1667 h
1128 1641 1148 1667 r
1173 1631 1384 1678 pessimam
1416 1639 1520 1676 vero,
1555 1630 1713 1667 utrum-

247 1718 328 1759 que
359 1704 607 1746 rectissime.
1689 1706 1694 1707 ⁷

133 1818 214 1862 858
602 1818 913 1873 137=9,52.
961 1815 1048 1876 (de
1087 1817 1360 1875 ceraunia).

307 1933 364 1940 —-
406 1904 574 1953 dicunt
621 1904 668 1952 in
708 1902 813 1953 sole
857 1909 1024 1968 aperto
1064 1903 1330 1968 proiectam
1376 1903 1539 1953 radios
1574 1903 1622 1951 in
1660 1918 1713 1952 se

310 1993 545 2042 cadentes
582 1993 843 2050 discutere,
898 1991 1060 2056 aliquo
1101 2007 1219 2041 vero
1257 1997 1368 2041 ante
1403 2007 1456 2040 se
1496 1991 1712 2055 proiecto

309 2083 464 2131 nitore
501 2079 774 2129 adiacentia
810 2079 1067 2129 illustrare.

353 2181 402 2222 V.
432 2185 652 2232 proiectam
692 2180 758 2220 vel
785 2183 968 2231 proiecta
1000 2193 1022 2220 e
1054 2179 1244 2234 proximo
1288 2178 1494 2220 vocabulo
1534 2183 1712 2230 proiecto

242 2259 469 2315 repetitum
501 2272 595 2300 esse
627 2262 816 2313 apparet,
848 2262 974 2313 atque
1004 2263 1120 2299 recte
1151 2258 1194 2298 in
1220 2258 1251 2297 Β
1282 2257 1428 2298 omitti.
1489 2256 1714 2299 Contraria

243 2338 353 2378 enim
386 2337 592 2378 vocabula
632 2337 688 2387 ,in
720 2336 822 2377 sole‘
861 2337 911 2377 iis
954 2341 1052 2377 sunt
1081 2349 1190 2391 quae
1219 2336 1344 2391 paulo
1385 2341 1483 2377 ante
1514 2336 1713 2391 leguntur

243 2415 334 2467 ,sub
372 2417 512 2456 tecto‘.
573 2419 607 2467 ς,
640 2415 722 2457 138
759 2428 844 2455 non
886 2417 1019 2455 Horas
1066 2413 1141 2455 sed
1184 2427 1279 2455 cum
1316 2414 1351 2455 B
1392 2413 1517 2455 scribi
1556 2413 1711 2455 debere

245 2495 345 2533 Orus
375 2493 458 2534 iam
488 2507 513 2534 a
541 2493 730 2534 Brunnio
762 2493 814 2534 de
861 2497 1079 2534 auctorum
1111 2492 1320 2534 indicibus
1363 2492 1566 2533 Plinianis
1597 2506 1635 2546 p.
1659 2491 1712 2535 39

242 2571 458 2612 observari
490 2571 622 2613 video.

600 2685 684 2731 139
702 2684 928 2739 :10‚54.
986 2691 997 2736 (
1015 2682 1076 2729 de
1111 2681 1331 2740 achate).

309 2801 367 2805 —
407 2776 596 2837 reperta
634 2770 836 2835 primum
889 2770 933 2818 in
974 2768 1139 2820 Sicilia
1179 2799 1232 2804 -
1276 2774 1445 2834 postea
1494 2767 1709 2833 plurimis

132 2714 214 2759 859
