1914 3237
289 138 345 180 56
901 137 1033 180 Liber
1058 139 1148 182 IV.

402 261 493 302 Lib.
518 260 565 303 11.
585 259 680 302 205.
712 261 825 302 male
856 261 944 303 huc
975 262 1133 304 referri
1172 264 1226 304 ab
1258 261 1484 304 Harduino
1521 270 1643 305 recte
1672 265 1760 305 ani-

292 339 635 381 madvertitSill.
667 341 787 394 (nam
816 341 874 382 ibi
906 342 960 382 de
990 340 1217 383 latitudine
1234 340 1509 395 Hellesponti
1540 341 1644 383 nihil
1673 349 1760 384 tra-

294 418 443 473 ditur).
492 418 592 473 lpse
622 433 729 460 vero
757 433 888 475 quum
917 419 1061 461 locum
1092 420 1257 462 frustra
1289 427 1540 474 quaereret,
1572 420 1645 461 ubi
1676 420 1762 462 tale

292 496 456 552 aliquid
480 497 640 539 dictum
673 505 818 551 esset,
852 505 927 539 aut
955 501 1192 541 memoriae
1223 499 1395 554 lapsum
1425 499 1656 552 scriptoris
1689 505 1764 540 aut

291 574 495 618 lacunam
521 576 710 630 aliquam
739 577 993 630 suspicatus
1023 585 1103 620 est.
1163 577 1222 619 At
1254 591 1362 619 vero
1393 577 1610 618 invenitur
1637 576 1765 620 locus

293 668 422 710 quem
450 656 491 696 in
525 662 669 696 mente
697 655 848 697 habuit
875 657 1068 711 scriptor
1098 656 1221 712 §.75
1269 656 1549 697 Describitur
1577 657 1634 698 ibi
1663 655 1766 698 Hel·

292 733 527 788 lespontus
559 734 627 776 his
657 736 822 786 verbis,
855 735 955 776 VII
970 735 1227 785 stadiorum,
1257 741 1306 775 ut
1334 735 1496 774 dictum
1526 740 1602 784 est,
1634 734 1766 775 inter·

294 813 407 853 vallo
439 813 662 869 Europam
693 811 899 868 auferens
926 814 1073 854 Asiae.
1135 814 1225 854 lam
1257 827 1389 868 quum
1418 811 1491 853 illo
1518 812 1621 853 loco
1650 812 1768 855 hunc

294 899 493 933 nostrum
521 891 693 941 laudet,
732 892 807 933 ubi
835 892 962 932 istam
991 904 1244 932 mensuram
1277 891 1528 944 tradiderit,
1556 889 1629 931 hic
1658 904 1769 933 vero

295 969 381 1011 alio
406 969 505 1011 loco
533 970 718 1011 eandem
737 984 763 1011 a
779 984 829 1011 se
852 970 1054 1012 traditum
1087 970 1137 1010 iri
1155 976 1326 1011 narret:
1358 967 1593 1010 manifesto
1611 969 1768 1011 horum

295 1049 495 1090 locorum
531 1048 642 1090 alter
677 1049 732 1090 ad
765 1048 948 1091 alterum
980 1050 1181 1103 pertinet.
1253 1047 1313 1088 At
1347 1061 1434 1088 non
1463 1061 1515 1088 se
1553 1048 1768 1090 dicturum

297 1140 415 1180 esse,
445 1127 526 1168 sed
559 1127 724 1169 dixisse
751 1127 840 1168 ait?
873 1128 1063 1169 Minime.
1099 1128 1264 1168 Nostro
1293 1126 1406 1167 enim
1431 1126 1533 1168 loco
1563 1126 1771 1169 facillima
1796 1109 1799 1112 .

296 1207 535 1248 mutatione
567 1218 591 1247 e
622 1204 814 1247 diximus
842 1205 1029 1247 efficitur
1058 1205 1270 1246 ‹licenms2
1311 1218 1456 1259 neque
1487 1205 1600 1246 enim
1629 1206 1685 1246 ad
1715 1219 1769 1248 ea

297 1290 464 1326 tantum
495 1297 609 1339 quae
643 1285 727 1325 iam
765 1284 978 1339 explicuit
1019 1285 1232 1325 lectorem
1262 1284 1409 1324 redire
1440 1284 1560 1324 iubet
1592 1283 1771 1334 Plinius,

298 1362 379 1403 sed
411 1362 627 1405 interdum
667 1376 720 1405 ea
758 1378 933 1419 quoque
965 1364 1239 1404 demonstrat
1276 1374 1390 1416 quae
1426 1361 1661 1417 aliquando
1704 1370 1774 1405 est

299 1440 618 1497 explicaturus,
646 1442 700 1483 cf.
719 1441 1028 1486 V1.28011.36.
1089 1441 1341 1483 Siinillimus
1373 1449 1442 1482 est
1474 1441 1600 1483 locus
1632 1441 1773 1492 V.10‚

297 1520 370 1561 ubi
401 1520 455 1561 (le
487 1528 634 1562 monte
664 1520 855 1576 loquitur
885 1534 1013 1576 quem
1029 1527 1189 1575 postea
1211 1521 1385 1562 V1.197.
1414 1521 1667 1562 accuratius
1699 1520 1774 1562 de-

298 1599 511 1654 scriptum
542 1600 592 1641 iri
622 1600 803 1641 indicat.
871 1599 987 1640 Dicit
1016 1599 1152 1640 enim:
1195 1599 1247 1639 ab
1281 1614 1328 1639 eo
1359 1605 1523 1639 utentes
1550 1604 1775 1654 perpetuos

299 1693 436 1740 usque
464 1679 522 1719 ad
551 1693 647 1719 eum
677 1694 803 1740 quem
836 1678 982 1720 Theon
1013 1677 1188 1719 ochema
1218 1676 1423 1721 dicemus.
1463 1677 1524 1718 lbi
1555 1676 1697 1717 codex
1727 1684 1775 1726 Θ,

303 1757 631 1809 Chifssetianus,
664 1757 847 1798 dicimus
878 1758 1090 1812 scriptum
1122 1755 1314 1804 exhibet,
1347 1764 1478 1811 atque
1508 1755 1573 1796 sic
1602 1767 1776 1809 quoque

302 1837 346 1878 in
377 1836 624 1892 archetypo
656 1837 810 1879 codice
852 1850 934 1891 per
965 1849 1159 1876 errorem
1192 1841 1418 1875 exaratum
1450 1840 1566 1875 erat:
1598 1839 1777 1885 mucuns,

303 1917 662 1974 frequentissima
690 1915 931 1958 litterarum
962 1914 979 1956 Ι
1010 1921 1052 1956 et
1081 1913 1116 1954 E
1150 1912 1434 1967 confusione,
1465 1913 1582 1954 unde
1610 1911 1777 1953 sactum

306 2005 375 2039 est
401 1999 444 2039 in
475 2011 544 2047 ρο,
574 1996 690 2037 unde
721 2002 875 2037 nostra
905 1991 1108 2046 exempla
1138 1992 1269 2033 ducta
1299 1999 1424 2045 sunt,
1455 1991 1657 2032 diximus.
1705 1990 1778 2032 Si-

305 2076 392 2118 mili
422 2077 593 2118 ratione
611 2076 741 2118 11.66.
773 2088 852 2129 pro
885 2073 1075 2114 diximus
1102 2072 1144 2112 in
1176 2071 1304 2114 codd.
1327 2070 1433 2111 RTd
1463 2071 1643 2111 dicinucs
1672 2069 1778 2112 scri·

305 2163 426 2211 ptum
454 2156 685 2210 reperitur.
744 2152 1000 2208 Legendum
1033 2159 1101 2192 est
1130 2151 1280 2204 igitur:

446 2246 507 2286 Et
536 2245 858 2302 IIellespontus,
896 2242 1014 2293 VII,
1043 2247 1093 2282 ut
1123 2240 1368 2290 dicemus,
1401 2238 1553 2280 stadiis
1584 2237 1666 2280 rel.

306 2337 430 2389 §.51.
460 2336 599 2377 verba
632 2350 743 2396 quae
773 2336 833 2375 ita
864 2333 1048 2376 Graecis
1087 2331 1328 2390 appellatur
1365 2330 1419 2371 ab
1458 2327 1778 2384 interpolatore

308 2417 485 2458 adiecta
516 2414 772 2470 putaverim.

232 2516 286 2557 77
880 2493 944 2541 52
960 2518 1010 2538 ε·-
1030 2492 1110 2552 12,
1131 2491 1211 2539 19.

380 2597 526 2646 Circa
554 2612 658 2643 eam
698 2593 1042 2659 (Corcyram)
1078 2594 1261 2657 aliquot
1296 2590 1564 2653 (insulae),
1598 2586 1686 2634 sed
1722 2586 1782 2633 ad

380 2687 568 2737 ltaliam
600 2702 806 2750 vergens
837 2685 1144 2744 Tlmronos,
1182 2682 1241 2731 ad
1278 2678 1577 2731 Leucadiam
1615 2678 1783 2726 Paxoe

382 2779 507 2827 duae
544 2783 624 2825 rel.
