1914 3237
273 148 354 191 152
834 150 953 189 liber
987 150 1171 189 XXVII.

330 283 504 319 dolorem
535 279 662 334 vulgo
691 283 807 320 recte
839 278 1100 321 scribebatur
1133 292 1156 320 e
1187 279 1282 333 Ra3
1313 293 1384 322 ore
1411 281 1534 324 codd.
1566 288 1735 327 secutus

275 362 393 397 recte
410 357 536 397 Ianus
555 357 714 411 omisit3
746 362 802 398 ita
822 366 864 398 ut
886 357 972 399 Sill.
998 365 1041 399 ut
1068 361 1123 398 ita
1141 359 1244 412 Ian.,
1276 358 1396 402 codd.
1415 363 1494 402 ita:
1525 361 1662 403 scribe
1681 370 1735 404 ut.

165 426 243 468 571
849 439 913 487 38
946 451 997 472 =
1033 440 1157 494 5,21.

316 521 544 586 ‹Aphaca
580 523 744 572 tenuia
782 524 1048 574 admodum
1086 524 1201 573 folia
1235 525 1410 585 habet,
1455 526 1632 592 pusillo
1669 527 1738 577 al-

339 609 432 658 tior
469 609 723 672 lenticula;
778 611 978 676 siliquas
1028 612 1237 662 maiores
1282 614 1400 673 sert,
1455 616 1502 664 in
1561 617 1737 680 quibus

338 703 474 747 terna
510 703 591 748 aut
643 705 879 764 quaterna
924 701 1110 750 semina
1146 707 1256 751 sunt
1290 703 1503 768 nigriora
1556 710 1604 753 et
1637 719 1738 754 ma-

341 787 530 837 didiora
567 793 613 837 et
650 788 836 838 minora
870 787 1115 839 lenticula.

357 877 543 917 Primum
572 881 718 927 pusilla
750 890 772 917 e
797 877 918 918 codd.
950 877 1054 918 aVr
1084 877 1249 919 restitui
1269 877 1415 919 debet:
1446 878 1608 920 Plinius
1627 879 1740 933 enim

275 968 482 1010 nusquam
521 954 644 996 huius
685 955 881 997 adiectivi
923 955 1107 998 ablativo
1152 956 1195 997 in
1234 957 1550 1012 comparatione
1595 958 1739 1000 utitur.

274 1032 442 1073 Deinde
473 1047 557 1074 non
583 1038 673 1074 erat
703 1047 776 1074 cur
806 1032 847 1075 S.
872 1034 902 1074 Ι.
920 1048 957 1077 v,
987 1042 1047 1075 est
1074 1039 1172 1090 post
1202 1040 1385 1094 lenticula
1416 1035 1538 1077 codd.
1567 1036 1647 1078 Ra
1677 1037 1739 1078 in-

274 1111 370 1152 vitis
389 1111 651 1165 omitterent3
684 1111 865 1167 denique
888 1115 1054 1159 noum
1086 1127 1181 1156 cum
1210 1087 1382 1165 Iancs'ssc
1400 1095 1557 1155 minora
1574 1115 1741 1170 quaein

275 1189 333 1229 V²
356 1203 381 1230 a
410 1204 430 1230 r
460 1190 633 1242 desunt,
667 1189 743 1231 sed
772 1204 835 1231 vv.
867 1198 904 1231 et
933 1195 1161 1233 madidiora
1194 1192 1502 1248 expungendae
1533 1197 1666 1245 erant,
1695 1197 1742 1234 ut

276 1268 399 1309 Plinii
427 1268 544 1309 loeus
576 1281 670 1308 cum
702 1267 984 1323 descriptione
1006 1269 1269 1312 Dioscoridis
1299 1269 1352 1312 ΙΙ.
1383 1271 1458 1314 177
1489 1271 1740 1327 περιεκτικὰ

275 1350 362 1389 τῶν
405 1350 684 1401 σπερματίων
727 1350 859 1402 τριῶν
898 1345 920 1402 ἢ
950 1348 1180 1404 τεσσάρων
1218 1348 1421 1403 μελάνων
1451 1351 1525 1391 καὶ
1548 1351 1742 1406 μικροτέ-

277 1442 366 1482 ρων
416 1430 564 1481 φακοῦ
609 1425 915 1466 conciliaretur.
975 1425 1096 1474 Quae
1133 1426 1245 1468 enim
1286 1432 1384 1468 sunt
1428 1426 1627 1479 ,madida‘
1676 1439 1742 1468 se·

276 1503 424 1545 mina?

167 1581 247 1624 572
623 1562 683 1609 46
719 1571 770 1594 =
806 1561 932 1617 728.
995 1559 1085 1619 (de
1122 1559 1393 1620 absinthio)

342 1649 483 1695 vetus
519 1647 623 1696 sine
663 1663 751 1696 usu
790 1652 879 1696 est.

387 1747 412 1775 a
441 1747 620 1789 quocum
651 1735 710 1775 R2
754 1739 802 1776 ut
841 1735 1088 1791 plerumque
1119 1735 1331 1778 consentit
1373 1738 1628 1775 vetustissime
1666 1749 1740 1776 usu

277 1819 333 1853 est
362 1813 498 1867 spatio
529 1814 653 1854 unius
684 1813 750 1854 vel
783 1813 961 1854 duarum
990 1814 1226 1856 litterarum
1255 1827 1399 1855 vacuo.
1433 1812 1609 1855 Collatis
1631 1825 1740 1868 quae

278 1894 315 1943 ξ.
346 1891 400 1933 48
445 1896 677 1946 sequuntur
720 1891 857 1932 verbis
903 1892 1091 1947 ‚Antiqui
1124 1920 1170 1926 -
1205 1892 1422 1933 databant‘
1473 1889 1741 1932 scribendum

278 1973 364 2010 est:
396 1973 690 2010 vetustissimum
722 1984 795 2010 usu
819 1976 887 2010 est.

169 2079 248 2124 573
815 2052 876 2098 47
913 2066 956 2085 =
991 2046 1186 2096 ibidem.

342 2123 613 2188 iterumque
651 2125 950 2190 percolatum
987 2124 1117 2174 lente
1151 2123 1376 2188 coquitur
1411 2122 1472 2172 ad
1511 2122 1741 2173 crassitu-

346 2212 505 2261 dinem
543 2211 714 2271 melhs,
755 2213 962 2277 qualiter
1000 2229 1059 2262 ex
1097 2212 1282 2262 minore
1306 2210 1554 2261 centaurio
1593 2225 1742 2275 quae-

341 2300 458 2349 ritur
492 2316 656 2349 sucus,

358 2393 459 2428 lente
488 2388 626 2441 vulgo.
659 2388 726 2429 Ad
744 2388 917 2430 vitiosas
949 2388 1141 2430 codicum
1163 2388 1366 2429 lectiones
1396 2390 1544 2428 herbae
1572 2390 1672 2427 lecta
1701 2385 1740 2425 V

278 2469 424 2506 herbae
470 2470 573 2506 lecim·
608 2466 646 2506 R.
697 2470 843 2506 herbae
888 2472 942 2508 z'la
978 2480 1004 2508 a
1052 2466 1120 2508 via
1169 2469 1210 2507 et
1259 2466 1423 2506 ratione
1475 2462 1742 2506 emendanda

278 2543 540 2584 Dioscoridis
573 2544 797 2598 descriptio
841 2543 1085 2585 adhibenda
1116 2548 1180 2584 est
1229 2542 1299 2597 qui
1330 2541 1382 2583 de
1414 2542 1630 2583 centaurio
1662 2541 1738 2582 mi-

278 2635 379 2662 nore
410 2620 486 2666 III.
517 2624 540 2664 7
572 2622 677 2662 haec
703 2621 856 2663 habet:
888 2621 1082 2672 ὑλίζεται
1112 2619 1175 2664 δι’
1207 2620 1394 2663 ὀθονίου
1420 2622 1641 2676 θλιβείσης
1668 2623 1741 2675 τῆς

278 2699 393 2747 πόας
423 2699 449 2739 i.
481 2713 538 2740 e.:

333 2780 490 2817 herba
521 2782 662 2818 elisa.
740 2791 748 2796 ·
