1914 3237
735 155 867 199 Liber
895 157 981 200 VI.
1512 156 1588 198 101

117 278 324 333 reperiri:
365 278 626 334 optimorum
663 279 705 320 R
744 278 880 320 habet
912 276 1057 320 Cir-ibo
1085 278 1152 320 Td
1183 278 1363 335 Cymbe,
1404 287 1590 335 uterque

116 372 317 400 mancum
346 359 519 414 quidem
550 357 631 397 sed
660 356 719 396 ita
752 364 1073 410 comparatum,
1104 364 1151 398 ut
1179 365 1222 399 et
1248 359 1349 414 quid
1379 358 1589 400 omissum

113 437 170 478 sit
199 451 222 478 e
252 437 354 479 loco
386 436 514 477 modo
546 434 724 476 laudato
759 433 891 476 facile
921 434 1103 488 intelligi
1136 443 1179 476 et
1205 437 1436 490 eproximi
1455 450 1587 478 voca·

113 515 201 556 buli
221 514 340 556 initio
368 513 568 569 suppleri
594 514 746 568 possit.
778 513 923 568 Atque
947 514 991 554 id
1015 512 1188 568 quidem
1207 520 1368 567 sponte
1387 524 1589 569 apparet,

110 594 260 649 primis
278 593 435 634 litteris
454 592 649 648 Syrtium
667 593 855 634 nominis
870 592 1100 646 vestigium
1118 592 1284 635 inesse.
1323 592 1420 640 Quo
1442 594 1587 647 posito

110 685 253 727 aeque
270 671 550 713 manifestum
580 678 649 712 est
670 671 844 723 ultimis,
874 673 1041 714 omissa
1071 671 1244 727 quidem
1264 679 1366 713 ante
1384 671 1417 711 I
1441 671 1589 713 littera

109 750 326 793 simillima
351 749 402 804 T,
434 751 627 792 dativum
655 749 725 791 vel
754 749 988 792 ablativum
1019 763 1174 792 casum
1204 750 1405 791 indicari.
1463 750 1588 806 Sigla

108 830 343 885 archetypi
382 830 534 871 scriba
574 829 860 871 usitatissima
898 829 1042 872 hacce
1086 829 1260 871 videtur
1296 842 1405 870 usus
1445 828 1587 870 fuisse

106 906 286 961 srn'nn',
317 909 434 950 unde
461 907 625 950 sactum
656 915 725 949 est
754 916 800 949 ut
819 908 991 963 signum
1014 911 1032 931 ³
1056 923 1136 965 pro
1161 907 1315 951 ‚vocali
1346 923 1369 949 ο
1398 908 1587 949 habere-

107 997 190 1031 tur.
247 987 473 1029 Habemus
499 988 629 1042 igitur
659 987 850 1028 dativum
874 986 1089 1042 Syrtibus,
1122 988 1192 1029 cui
1210 988 1393 1029 verbum
1411 986 1587 1042 aliquod

106 1067 301 1109 additum
331 1065 471 1108 fuisse
504 1066 747 1120 putandum
788 1074 877 1117 est,
913 1081 1000 1122 quo
1040 1066 1276 1109 similitudo
1316 1078 1430 1121 quae
1473 1064 1587 1105 inter

105 1159 228 1188 oram
259 1145 457 1187 Persidis
494 1152 538 1186 et
567 1144 727 1199 Syrtes
769 1145 1048 1187 intercedere
1076 1145 1331 1198 videbatur,
1365 1142 1586 1199 significa-

104 1233 236 1267 retur.
295 1224 573 1266 Adiectivum
612 1223 655 1263 id
695 1222 775 1264 fuit
812 1238 910 1265 cum
952 1224 1098 1265 dativo
1130 1224 1436 1272 coniunctum9
1468 1221 1586 1276 quod

106 1304 207 1345 ideo
240 1303 402 1346 excidit
432 1303 638 1358 quoniam
669 1316 766 1344 cum
795 1302 998 1357 proximo
1026 1303 1248 1344 vocabulo
1281 1300 1586 1343 confundeba-

107 1390 188 1425 tur.
246 1382 456 1438 Sequitur
483 1395 588 1423 vero
621 1396 730 1444 qua,
770 1381 883 1423 unde
915 1382 1036 1423 nulla
1064 1381 1164 1423 fere
1195 1382 1435 1423 mutatione
1466 1381 1586 1422 inse-

105 1461 289 1503 rendum
328 1468 422 1502 est:
470 1476 595 1523 equa.
668 1461 863 1516 Aequari
895 1462 1007 1502 enim
1040 1469 1216 1516 poterat
1243 1461 1451 1516 Syrtibus
1484 1474 1585 1515 pro-

104 1547 261 1595 pterea
297 1541 415 1596 quod
453 1544 567 1591 κεΐβι
607 1539 735 1593 πηλός
774 1540 888 1583 ἔστιν
931 1540 987 1583 ἐπ’
1026 1539 1208 1595 ἑκάτερα
1243 1541 1317 1582 τοῦ
1354 1540 1585 1596 πλεομένου

106 1618 250 1674 βαξγὺς
284 1617 359 1661 καὶ
388 1619 569 1673 ῐλιώδης,
608 1627 655 1660 ut
693 1618 927 1660 Nearchus
971 1621 1088 1674 apud
1118 1621 1354 1662 Arrianum
1386 1619 1480 1661 lnd.
1510 1618 1582 1659 41.

104 1696 322 1751 perhibet,
352 1711 495 1753 neque
525 1706 670 1738 tamen
702 1705 788 1738 tam
818 1696 907 1738 late
931 1699 1126 1752 patebat,
1161 1713 1297 1754 quare
1328 1698 1585 1738 minorum

104 1775 299 1831 Syrtium
317 1776 416 1817 vice
433 1777 673 1817 inaccessa
693 1775 1029 1832 dicitu1·§136.,
1056 1779 1183 1833 quasi
1213 1779 1425 1819 minorem
1449 1789 1584 1832 quan-

104 1854 203 1895 dam
235 1854 428 1909 Syrtium
454 1855 652 1909 speciem
686 1869 793 1908 prae
825 1868 876 1896 se
907 1854 1057 1898 ferret.
1124 1855 1403 1898 Adiectivum
1434 1864 1582 1897 autem

101 1937 334 1988 „aequus“
364 1948 462 1975 cum
486 1934 632 1975 dativo
656 1934 934 1975 coniunctum
963 1934 1180 1975 interdum
1209 1935 1324 1977 idem
1354 1934 1581 1991 significat

102 2013 220 2068 quod
250 2016 416 2067 ‚‚par“‚
444 2012 579 2054 veluti
610 2013 727 2067 apud
750 2013 952 2055 Ovidium
972 2013 1180 2056 Pont.1V.
1199 2016 1236 2056 7.
1257 2015 1324 2065 24,
1358 2016 1581 2057 Senecam

103 2091 254 2146 ep.94‚
270 2105 381 2148 quos
400 2090 526 2134 locos
544 2090 692 2133 laudat
709 2092 942 2133 Forcellin.
960 2107 1040 2136 s.v.
1087 2094 1152 2134 Ita
1170 2096 1354 2136 verbum
1378 2108 1578 2149 aequare

102 2171 157 2212 ab
185 2172 282 2225 ipso
301 2169 437 2212 Plinio
461 2179 702 2226 usurpatur
717 2171 1007 2214 XXX1V.68.
1044 2173 1119 2215 Sic
1149 2173 1280 2230 igitur
1311 2174 1580 2216 constituen-

103 2251 185 2293 dus
216 2258 286 2294 cst
318 2250 442 2292 locus
473 2250 811 2293 vexatissimus:

159 2363 291 2419 Reqio
329 2362 387 2403 ibi
421 2364 639 2405 maritima
679 2363 925 2420 Syrtibus
968 2379 1135 2427 aequa
1147 2381 1161 2420 5
1211 2379 1298 2427 qua
1343 2379 1444 2406 vero
1488 2365 1580 2420 ipsa

161 2441 276 2483 subit
304 2441 381 2485 rel.
858 2438 862 2443 ¹

662 2593 758 2641 123
776 2614 829 2637 =
847 2594 928 2655 26,
951 2594 1030 2642 30.

170 2704 297 2752 Sunt
344 2702 603 2753 etiamnum
657 2704 706 2752 in
744 2704 1101 2770 Mesopotamia
1155 2704 1335 2769 oppida
1387 2703 1588 2768 Hippa-v

171 2811 360 2856 renum,
398 2795 755 2845 Chaldaeorum
788 2796 1010 2847 doctrina
1045 2802 1096 2844 et
1132 2795 1225 2844 hoc
1261 2793 1389 2843 sicut
1419 2794 1579 2858 Baby-

1607 2614 1686 2656 129
