1914 3237
733 149 862 192 Liber
892 150 1006 192 VII.
1525 145 1600 187 121

634 275 696 322 25
721 291 824 338 sqq.
847 298 892 317 =
912 273 1107 321 ibidem.

244 377 361 418 Inter
388 375 592 416 Indorum
622 383 779 429 gentes
809 371 1050 428 Scyritas
1078 386 1102 413 e
1136 372 1269 413 codd.
1292 371 1392 413 on
1424 369 1605 424 scripsit

137 455 346 509 sinigas,
375 453 558 495 Scirieas
576 453 769 493 nominat
784 452 843 493 R:
873 453 1020 506 itaque
1043 464 1297 507 germanum
1317 464 1476 491 nomen
1497 448 1604 491 Sci·

134 539 302 583 ratas,
335 532 389 571 de
421 544 506 585 quo
526 529 581 571 cf.
601 529 927 571 Scliwanbeck.
946 528 1162 583 Megasth.
1181 543 1221 582 p.
1234 528 1303 578 65,
1333 528 1449 569 haud
1477 530 1605 570 dubie

133 610 449 651 restituendum
482 617 560 649 est.
636 610 673 665 ξ.
698 609 765 650 ⁵28.
805 609 980 650 Ctesias
1020 616 1195 662 gentem
1233 622 1606 649 commemorasse

136 688 334 740 traditur,
351 702 462 747 quae
482 686 720 741 appelletur
738 687 993 728 Pandere.
1027 687 1062 727 E
1084 686 1211 728 codd.
1231 686 1309 727 RT
1343 688 1414 741 qui
1444 686 1609 727 habent

135 766 356 816 Pandare,
389 766 622 821 legendum
656 767 738 807 erit
769 767 1064 808 Pandarae.
1124 767 1317 807 Eosdem
1340 766 1457 821 §.29.
1490 767 1607 820 apud

137 843 404 885 Clitarchum
426 852 467 884 et
486 844 818 898 Megastlicnem
851 845 1120 886 Manduriam
1148 859 1308 886 nomen
1338 844 1505 886 habere
1537 858 1609 884 re-

136 921 237 973 fert,
269 923 340 963 ubi
368 922 626 962 Pandarum
646 922 717 964 vel
737 922 1042 963 Pamlaeorum
1072 924 1353 964 scribendum
1385 937 1487 964 esse
1513 923 1609 963 Pin-

136 1002 281 1042 tianus
321 1001 542 1044 intellexit.
620 1003 819 1057 Namque
856 1003 969 1044 sicut
1006 1002 1078 1044 hic
1119 1010 1346 1044 trecentos
1382 1003 1510 1043 vicos
1556 1003 1609 1042 iis

137 1093 455 1120 annumerasse
487 1081 690 1120 dicuntur
721 1079 969 1121 Clitarchus
1002 1089 1045 1121 et
1072 1081 1416 1135 Megasthenes,
1449 1082 1508 1121 ita
1541 1081 1609 1121 vl.

137 1157 203 1198 76.
231 1157 442 1198 trecentis
474 1157 646 1210 oppidis
678 1158 926 1212 imperitant
950 1159 1140 1199 Pandae.
1174 1158 1381 1200 Ceterum
1405 1160 1476 1213 qui
1495 1159 1611 1214 §.22

139 1236 318 1287 „Athon
349 1243 538 1276 montem
571 1235 801 1276 incolunt“
836 1236 905 1277 vl.
929 1236 997 1276 97.
1028 1236 1203 1277 Athoae
1235 1236 1526 1291 appellantur.

706 1349 767 1395 32
787 1370 836 1392 z
856 1348 1052 1396 ibidem.

203 1449 347 1496 Haec
372 1455 514 1512 atque
542 1448 654 1496 talia
686 1465 749 1497 ex
780 1449 1026 1497 hominum
1052 1467 1233 1514 genere
1263 1450 1471 1498 ludibria
1502 1450 1611 1510 sibi,

206 1539 344 1587 nobis
373 1540 621 1601 miracula,
653 1541 905 1605 ingeniosa
939 1541 1057 1589 fecit
1086 1549 1274 1589 natura.
1344 1541 1420 1589 Et
1454 1541 1615 1604 singu-

207 1630 265 1677 lis
298 1630 492 1694 quidem
525 1647 648 1694 quae
681 1631 797 1678 facit
828 1630 877 1677 in
897 1631 1001 1678 dies
1040 1647 1095 1679 ac
1125 1647 1281 1695 prope
1311 1631 1473 1692 horas,
1506 1630 1614 1695 quis

208 1737 497 1768 enumerare
531 1721 724 1769 valeat?

252 1834 395 1874 Recte
428 1833 623 1888 Silligius
654 1847 750 1874 cum
774 1833 884 1875 R¹O
908 1833 1154 1888 (Mnrbac.)
1186 1848 1267 1888 pro
1296 1834 1468 1892 singula
1499 1835 1616 1889 quod

142 1911 273 1966 vulgo
304 1911 485 1967 legitur,
525 1913 706 1966 scripsit
735 1912 926 1968 sitaqult's.
996 1913 1136 1968 Loqui
1170 1915 1282 1955 enim
1314 1914 1496 1955 Plinium
1528 1929 1614 1955 non

146 1992 198 2032 de
229 1990 410 2044 singulis
442 1991 599 2040 rebus,
642 1990 723 2031 sed
760 1991 813 2030 de
846 1991 1030 2045 singulis
1065 1991 1314 2034 hominibus
1347 2002 1390 2034 et
1421 1994 1472 2034 iis
1504 2007 1617 2049 quae

144 2070 431 2124 apposuimus
459 2069 607 2110 verbis
637 2076 679 2109 et
707 2068 758 2108 iis
783 2082 896 2123 quae
918 2071 1116 2122 proxime
1140 2079 1396 2125 sequuntur,
1428 2071 1618 2114 luculen-

146 2159 211 2191 ter
242 2150 579 2191 demonstratur.
626 2148 879 2202 Requiritur
912 2158 1058 2189 autem
1091 2151 1379 2204 p1·aepositi0‚
1412 2164 1499 2205 qua
1528 2152 1615 2192 sin-

144 2228 271 2282 gulos
305 2228 504 2268 homines
536 2227 756 2268 hominum
789 2228 940 2281 generi
977 2230 1140 2282 opponi
1175 2229 1407 2271 indicetur.
1476 2232 1618 2278 Quam

147 2322 277 2362 quum
306 2308 520 2362 praebeat
551 2307 636 2360 R1‚
678 2307 906 2361 perficitur
938 2309 1208 2360 emendatio,
1254 2309 1325 2350 ubi
1360 2310 1619 2364 scripseris:

730 2387 805 2427 Ex
834 2387 1025 2446 sin-cledis,

748 2498 813 2545 34
834 2523 879 2541 =
902 2499 947 2560 3,
970 2500 1015 2547 3.

218 2599 487 2672 Pompeius
522 2600 731 2663 Magnus
762 2600 810 2647 in
842 2601 1138 2649 ornamentis
1169 2601 1348 2649 theatri
1380 2600 1624 2648 mirabiles

218 2691 348 2738 suma
388 2688 553 2754 posuit
590 2689 804 2753 effigies,
844 2691 904 2737 ob
939 2690 988 2738 id
1025 2691 1302 2755 diligentius
1342 2710 1624 2758 magnorum

222 2780 468 2829 artificum
512 2779 720 2844 ingeniis
768 2780 1064 2842 elaboratas,
1118 2780 1245 2830 inter
1288 2798 1409 2847 quas
1452 2784 1629 2848 legitur

1630 275 1709 317 150

1651 2524 1729 2565 152
